%% Bibtex for the Clustering of high-z quasars paper

@ARTICLE{Limber1953,
   author = {{Limber}, D.~N.},
    title = "{The Analysis of Counts of the Extragalactic Nebulae in Terms of a Fluctuating Density Field.}",
  journal = {\apj},
     year = 1953,
    month = jan,
   volume = 117,
    pages = {134},
      doi = {10.1086/145672},
   adsurl = {http://adsabs.harvard.edu/abs/1953ApJ...117..134L},
  adsnote = {Provided by the SAO/NASA Astrophysics Data System}
}

@ARTICLE{Salpeter1964,
   author = {{Salpeter}, E.~E.},
    title = "{Accretion of Interstellar Matter by Massive Objects.}",
  journal = {\apj},
     year = 1964,
    month = aug,
   volume = 140,
    pages = {796-800},
      doi = {10.1086/147973},
   adsurl = {http://adsabs.harvard.edu/abs/1964ApJ...140..796S},
  adsnote = {Provided by the SAO/NASA Astrophysics Data System}
}

@ARTICLE{Lynden-Bell1969,
   author = {{Lynden-Bell}, D.},
    title = "{Galactic Nuclei as Collapsed Old Quasars}",
  journal = {\nat},
     year = 1969,
    month = aug,
   volume = 223,
    pages = {690-694},
      doi = {10.1038/223690a0},
   adsurl = {http://adsabs.harvard.edu/abs/1969Natur.223..690L},
  adsnote = {Provided by the SAO/NASA Astrophysics Data System}
}

@ARTICLE{Totsuji1969,
   author = {{Totsuji}, H. and {Kihara}, T.},
    title = "{The Correlation Function for the Distribution of Galaxies}",
  journal = {\pasj},
     year = 1969,
   volume = 21,
    pages = {221},
   adsurl = {http://adsabs.harvard.edu/abs/1969PASJ...21..221T},
  adsnote = {Provided by the SAO/NASA Astrophysics Data System}
}


@BOOK{Peebles1980,
   author = {{Peebles}, P.~J.~E.},
    title = "{The large-scale structure of the universe}",
 keywords = {Cosmology, Galactic Clusters, Galactic Evolution, Universe, Astronomical Models, Correlation, Mass Distribution, Particle Motion, Relativistic Theory, Statistical Distributions},
booktitle = {Research supported by the National Science Foundation.~Princeton, N.J., Princeton University Press, 1980.~435 p.},
     year = 1980,
   adsurl = {http://adsabs.harvard.edu/abs/1980lssu.book.....P},
  adsnote = {Provided by the SAO/NASA Astrophysics Data System}
}

@ARTICLE{Soltan1982,
   author = {{Soltan}, A.},
    title = "{Masses of quasars}",
  journal = {\mnras},
 keywords = {Astronomical Models, Black Holes (Astronomy), Galactic Evolution, Galactic Nuclei, Mass, Quasars, Bolometers, Luminosity, Red Shift, Spectrophotometry, Stellar Mass Accretion},
     year = 1982,
    month = jul,
   volume = 200,
    pages = {115-122},
      doi = {10.1093/mnras/200.1.115},
   adsurl = {http://adsabs.harvard.edu/abs/1982MNRAS.200..115S},
  adsnote = {Provided by the SAO/NASA Astrophysics Data System}
}

@ARTICLE{OkeGunn1983,
   author = {{Oke}, J.~B. and {Gunn}, J.~E.},
    title = "{Secondary standard stars for absolute spectrophotometry}",
  journal = {\apj},
 keywords = {Reference Stars, Spectral Energy Distribution, Stellar Spectrophotometry, Subdwarf Stars, Calibrating, Line Spectra},
     year = 1983,
    month = mar,
   volume = 266,
    pages = {713-717},
      doi = {10.1086/160817},
   adsurl = {http://adsabs.harvard.edu/abs/1983ApJ...266..713O},
  adsnote = {Provided by the SAO/NASA Astrophysics Data System}
}



@ARTICLE{Rees1984,
   author = {{Rees}, M.~J.},
    title = "{Black Hole Models for Active Galactic Nuclei}",
  journal = {\araa},
     year = 1984,
   volume = 22,
    pages = {471-506},
      doi = {10.1146/annurev.aa.22.090184.002351},
   adsurl = {http://adsabs.harvard.edu/abs/1984ARA%26A..22..471R},
  adsnote = {Provided by the SAO/NASA Astrophysics Data System}
}

@ARTICLE{Kaiser1987,
   author = {{Kaiser}, N.},
    title = "{Clustering in real space and in redshift space}",
  journal = {\mnras},
 keywords = {Astronomical Models, Deep Space, Galactic Clusters, Red Shift, Density Distribution, Power Spectra, Velocity Distribution},
     year = 1987,
    month = jul,
   volume = 227,
    pages = {1-21},
      doi = {10.1093/mnras/227.1.1},
   adsurl = {http://adsabs.harvard.edu/abs/1987MNRAS.227....1K},
  adsnote = {Provided by the SAO/NASA Astrophysics Data System}
}

@ARTICLE{Landy1993,
   author = {{Landy}, S.~D. and {Szalay}, A.~S.},
    title = "{Bias and variance of angular correlation functions}",
  journal = {\apj},
 keywords = {Angular Correlation, Bias, Computational Astrophysics, Galactic Clusters, Variance, Correlation Coefficients, Monte Carlo Method, Random Variables},
     year = 1993,
    month = jul,
   volume = 412,
    pages = {64-71},
      doi = {10.1086/172900},
   adsurl = {http://adsabs.harvard.edu/abs/1993ApJ...412...64L},
  adsnote = {Provided by the SAO/NASA Astrophysics Data System}
}

@ARTICLE{Schmidt1995,
   author = {{Schmidt}, M. and {Schneider}, D.~P. and {Gunn}, J.~E.},
    title = "{Spectrscopic CCD Surveys for Quasars at Large Redshift.IV.Evolution of the Luminosity Function from Quasars Detected by Their Lyman-Alpha Emission}",
  journal = {\aj},
 keywords = {GALAXIES: DISTANCES AND REDSHIFTS, QUASARS: GENERAL, GALAXIES: EVOLUTION},
     year = 1995,
    month = jul,
   volume = 110,
    pages = {68},
      doi = {10.1086/117497},
   adsurl = {http://adsabs.harvard.edu/abs/1995AJ....110...68S},
  adsnote = {Provided by the SAO/NASA Astrophysics Data System}
}


@ARTICLE{Fukugita1996,
   author = {{Fukugita}, M. and {Ichikawa}, T. and {Gunn}, J.~E. and {Doi}, M. and 
	{Shimasaku}, K. and {Schneider}, D.~P.},
    title = "{The Sloan Digital Sky Survey Photometric System}",
  journal = {\aj},
 keywords = {SURVEYS, INSTRUMENTATION: PHOTOMETERS, TECHNIQUES: PHOTOMETRIC},
     year = 1996,
    month = apr,
   volume = 111,
    pages = {1748},
      doi = {10.1086/117915},
   adsurl = {http://adsabs.harvard.edu/abs/1996AJ....111.1748F},
  adsnote = {Provided by the SAO/NASA Astrophysics Data System}
}

@ARTICLE{Richstone1998,
   author = {{Richstone}, D. and {Ajhar}, E.~A. and {Bender}, R. and {Bower}, G. and 
	{Dressler}, A. and {Faber}, S.~M. and {Filippenko}, A.~V. and 
	{Gebhardt}, K. and {Green}, R. and {Ho}, L.~C. and {Kormendy}, J. and 
	{Lauer}, T.~R. and {Magorrian}, J. and {Tremaine}, S.},
    title = "{Supermassive black holes and the evolution of galaxies.}",
  journal = {\nat},
   eprint = {astro-ph/9810378},
     year = 1998,
    month = oct,
   volume = 395,
    pages = {A14},
   adsurl = {http://adsabs.harvard.edu/abs/1998Natur.395A..14R},
  adsnote = {Provided by the SAO/NASA Astrophysics Data System}
}

@article{Schlegel1998,
	Adsnote = {Provided by the SAO/NASA Astrophysics Data System},
	Adsurl = {http://adsabs.harvard.edu/abs/1998ApJ...500..525S},
	Author = {{Schlegel}, D.~J. and {Finkbeiner}, D.~P. and {Davis}, M.},
	Date-Added = {2015-04-16 15:31:51 +0000},
	Date-Modified = {2015-04-16 15:31:51 +0000},
	Doi = {10.1086/305772},
	Eprint = {astro-ph/9710327},
	Journal = {\apj},
	Keywords = {COSMOLOGY: DIFFUSE RADIATION, COSMOLOGY: COSMIC MICROWAVE BACKGROUND, ISM: DUST, EXTINCTION, INTERPLANETARY MEDIUM, INFRARED: ISM: CONTINUUM, Cosmology: Cosmic Microwave Background, Cosmology: Diffuse Radiation, ISM: Dust, Extinction, Infrared: ISM: Continuum, Interplanetary Medium},
	Month = jun,
	Pages = {525-553},
	Title = {{Maps of Dust Infrared Emission for Use in Estimation of Reddening and Cosmic Microwave Background Radiation Foregrounds}},
	Volume = 500,
	Year = 1998,
	Bdsk-Url-1 = {http://dx.doi.org/10.1086/305772}}

@ARTICLE{DekelLahav1999,
   author = {{Dekel}, A. and {Lahav}, O.},
    title = "{Stochastic Nonlinear Galaxy Biasing}",
  journal = {\apj},
   eprint = {astro-ph/9806193},
 keywords = {COSMOLOGY: THEORY, COSMOLOGY: DARK MATTER, GALAXIES: CLUSTERS: GENERAL, GALAXIES: DISTANCES AND REDSHIFTS, GALAXIES: FORMATION, COSMOLOGY: LARGE-SCALE STRUCTURE OF UNIVERSE, Cosmology: Theory, Cosmology: Dark Matter, Galaxies: Clusters: General, Galaxies: Distances and Redshifts, Galaxies: Formation, Cosmology: Large-Scale Structure of Universe},
     year = 1999,
    month = jul,
   volume = 520,
    pages = {24-34},
      doi = {10.1086/307428},
   adsurl = {http://adsabs.harvard.edu/abs/1999ApJ...520...24D},
  adsnote = {Provided by the SAO/NASA Astrophysics Data System}
}



@BOOK{Peacock_book1999,
   author = {{Peacock}, J.~A.},
    title = "{Cosmological Physics}",
booktitle = {Cosmological Physics, by John A.~Peacock, pp.~704.~ISBN 052141072X.~Cambridge, UK: Cambridge University Press, January 1999.},
     year = 1999,
    month = jan,
    pages = {704},
   adsurl = {http://adsabs.harvard.edu/abs/1999coph.book.....P},
  adsnote = {Provided by the SAO/NASA Astrophysics Data System}
}

@ARTICLE{ShethTormen1999,
   author = {{Sheth}, R.~K. and {Tormen}, G.},
    title = "{Large-scale bias and the peak background split}",
  journal = {\mnras},
   eprint = {astro-ph/9901122},
     year = 1999,
    month = sep,
   volume = 308,
    pages = {119-126},
      doi = {10.1046/j.1365-8711.1999.02692.x},
   adsurl = {http://adsabs.harvard.edu/abs/1999MNRAS.308..119S},
  adsnote = {Provided by the SAO/NASA Astrophysics Data System}
}

@ARTICLE{Boyle2000,
   author = {{Boyle}, B.~J. and {Shanks}, T. and {Croom}, S.~M. and {Smith}, R.~J. and 
	{Miller}, L. and {Loaring}, N. and {Heymans}, C.},
    title = "{The 2dF QSO Redshift Survey - I. The optical luminosity function of quasi-stellar objects}",
  journal = {\mnras},
   eprint = {astro-ph/0005368},
 keywords = {METHODS: DATA ANALYSIS, SURVEYS, GALAXIES: ACTIVE, GALAXIES: FUNDAMENTAL PARAMETERS, QUASARS: GENERAL, COSMOLOGY: OBSERVATIONS},
     year = 2000,
    month = oct,
   volume = 317,
    pages = {1014-1022},
      doi = {10.1046/j.1365-8711.2000.03730.x},
   adsurl = {http://adsabs.harvard.edu/abs/2000MNRAS.317.1014B},
  adsnote = {Provided by the SAO/NASA Astrophysics Data System}
}

@ARTICLE{York2000,
   author = {{York}, D.~G. and {Adelman}, J. and {Anderson}, Jr., J.~E. and 
	{Anderson}, S.~F. and {Annis}, J. and {Bahcall}, N.~A. and {Bakken}, J.~A. and 
	{Barkhouser}, R. and {Bastian}, S. and {Berman}, E. and {Boroski}, W.~N. and 
	{Bracker}, S. and {Briegel}, C. and {Briggs}, J.~W. and {Brinkmann}, J. and 
	{Brunner}, R. and {Burles}, S. and {Carey}, L. and {Carr}, M.~A. and 
	{Castander}, F.~J. and {Chen}, B. and {Colestock}, P.~L. and 
	{Connolly}, A.~J. and {Crocker}, J.~H. and {Csabai}, I. and 
	{Czarapata}, P.~C. and {Davis}, J.~E. and {Doi}, M. and {Dombeck}, T. and 
	{Eisenstein}, D. and {Ellman}, N. and {Elms}, B.~R. and {Evans}, M.~L. and 
	{Fan}, X. and {Federwitz}, G.~R. and {Fiscelli}, L. and {Friedman}, S. and 
	{Frieman}, J.~A. and {Fukugita}, M. and {Gillespie}, B. and 
	{Gunn}, J.~E. and {Gurbani}, V.~K. and {de Haas}, E. and {Haldeman}, M. and 
	{Harris}, F.~H. and {Hayes}, J. and {Heckman}, T.~M. and {Hennessy}, G.~S. and 
	{Hindsley}, R.~B. and {Holm}, S. and {Holmgren}, D.~J. and {Huang}, C.-h. and 
	{Hull}, C. and {Husby}, D. and {Ichikawa}, S.-I. and {Ichikawa}, T. and 
	{Ivezi{\'c}}, {\v Z}. and {Kent}, S. and {Kim}, R.~S.~J. and 
	{Kinney}, E. and {Klaene}, M. and {Kleinman}, A.~N. and {Kleinman}, S. and 
	{Knapp}, G.~R. and {Korienek}, J. and {Kron}, R.~G. and {Kunszt}, P.~Z. and 
	{Lamb}, D.~Q. and {Lee}, B. and {Leger}, R.~F. and {Limmongkol}, S. and 
	{Lindenmeyer}, C. and {Long}, D.~C. and {Loomis}, C. and {Loveday}, J. and 
	{Lucinio}, R. and {Lupton}, R.~H. and {MacKinnon}, B. and {Mannery}, E.~J. and 
	{Mantsch}, P.~M. and {Margon}, B. and {McGehee}, P. and {McKay}, T.~A. and 
	{Meiksin}, A. and {Merelli}, A. and {Monet}, D.~G. and {Munn}, J.~A. and 
	{Narayanan}, V.~K. and {Nash}, T. and {Neilsen}, E. and {Neswold}, R. and 
	{Newberg}, H.~J. and {Nichol}, R.~C. and {Nicinski}, T. and 
	{Nonino}, M. and {Okada}, N. and {Okamura}, S. and {Ostriker}, J.~P. and 
	{Owen}, R. and {Pauls}, A.~G. and {Peoples}, J. and {Peterson}, R.~L. and 
	{Petravick}, D. and {Pier}, J.~R. and {Pope}, A. and {Pordes}, R. and 
	{Prosapio}, A. and {Rechenmacher}, R. and {Quinn}, T.~R. and 
	{Richards}, G.~T. and {Richmond}, M.~W. and {Rivetta}, C.~H. and 
	{Rockosi}, C.~M. and {Ruthmansdorfer}, K. and {Sandford}, D. and 
	{Schlegel}, D.~J. and {Schneider}, D.~P. and {Sekiguchi}, M. and 
	{Sergey}, G. and {Shimasaku}, K. and {Siegmund}, W.~A. and {Smee}, S. and 
	{Smith}, J.~A. and {Snedden}, S. and {Stone}, R. and {Stoughton}, C. and 
	{Strauss}, M.~A. and {Stubbs}, C. and {SubbaRao}, M. and {Szalay}, A.~S. and 
	{Szapudi}, I. and {Szokoly}, G.~P. and {Thakar}, A.~R. and {Tremonti}, C. and 
	{Tucker}, D.~L. and {Uomoto}, A. and {Vanden Berk}, D. and {Vogeley}, M.~S. and 
	{Waddell}, P. and {Wang}, S.-i. and {Watanabe}, M. and {Weinberg}, D.~H. and 
	{Yanny}, B. and {Yasuda}, N. and {SDSS Collaboration}},
    title = "{The Sloan Digital Sky Survey: Technical Summary}",
  journal = {\aj},
   eprint = {astro-ph/0006396},
 keywords = {Cosmology: Observations, Instrumentation: Miscellaneous},
     year = 2000,
    month = sep,
   volume = 120,
    pages = {1579-1587},
      doi = {10.1086/301513},
   adsurl = {http://adsabs.harvard.edu/abs/2000AJ....120.1579Y},
  adsnote = {Provided by the SAO/NASA Astrophysics Data System}
}

@ARTICLE{Martini2001,
   author = {{Martini}, P. and {Weinberg}, D.~H.},
    title = "{Quasar Clustering and the Lifetime of Quasars}",
  journal = {\apj},
   eprint = {astro-ph/0002384},
 keywords = {Cosmology: Dark Matter, Cosmology: Large-Scale Structure of Universe, Galaxies: Quasars: General},
     year = 2001,
    month = jan,
   volume = 547,
    pages = {12-26},
      doi = {10.1086/318331},
   adsurl = {http://adsabs.harvard.edu/abs/2001ApJ...547...12M},
  adsnote = {Provided by the SAO/NASA Astrophysics Data System}
}

@ARTICLE{Richards2001,
   author = {{Richards}, G.~T. and {Weinstein}, M.~A. and {Schneider}, D.~P. and 
	{Fan}, X. and {Strauss}, M.~A. and {Vanden Berk}, D.~E. and 
	{Annis}, J. and {Burles}, S. and {Laubacher}, E.~M. and {York}, D.~G. and 
	{Frieman}, J.~A. and {Johnston}, D. and {Scranton}, R. and {Gunn}, J.~E. and 
	{Ivezi{\'c}}, {\v Z}. and {Nichol}, R.~C. and {Budav{\'a}ri}, T. and 
	{Csabai}, I. and {Szalay}, A.~S. and {Connolly}, A.~J. and {Szokoly}, G.~P. and 
	{Bahcall}, N.~A. and {Ben{\'{\i}}tez}, N. and {Brinkmann}, J. and 
	{Brunner}, R. and {Fukugita}, M. and {Hall}, P.~B. and {Hennessy}, G.~S. and 
	{Knapp}, G.~R. and {Kunszt}, P.~Z. and {Lamb}, D.~Q. and {Munn}, J.~A. and 
	{Newberg}, H.~J. and {Stoughton}, C.},
    title = "{Photometric Redshifts of Quasars}",
  journal = {\aj},
   eprint = {astro-ph/0106038},
 keywords = {Galaxies: Distances and Redshifts, Galaxies: Photometry, Methods: Statistical, Galaxies: Quasars: General},
     year = 2001,
    month = sep,
   volume = 122,
    pages = {1151-1162},
      doi = {10.1086/322132},
   adsurl = {http://adsabs.harvard.edu/abs/2001AJ....122.1151R},
  adsnote = {Provided by the SAO/NASA Astrophysics Data System}
}



@PROCEEDINGS{Bonometto2002,
    title = "{Modern cosmology}",
 keywords = {Cosmology},
booktitle = {Modern Cosmology},
     year = 2002,
   editor = {{Bonometto}, S. and {Gorini}, V. and {Moschella}, U.},
   adsurl = {http://adsabs.harvard.edu/abs/2002moco.conf.....B},
  adsnote = {Provided by the SAO/NASA Astrophysics Data System}
}

@INPROCEEDINGS{MartinezSaar2002,
   author = {{Martinez}, V. and {Saar}, E.},
    title = "{Clustering statistics in cosmology}",
booktitle = {Astronomical Data Analysis II},
     year = 2002,
   series = {\procspie},
   volume = 4847,
   eprint = {astro-ph/0209208},
   editor = {{Starck}, J.-L. and {Murtagh}, F.~D.},
    month = dec,
    pages = {86-100},
      doi = {10.1117/12.461972},
   adsurl = {http://adsabs.harvard.edu/abs/2002SPIE.4847...86M},
  adsnote = {Provided by the SAO/NASA Astrophysics Data System}
}

@ARTICLE{Scranton2002,
   author = {{Scranton}, R. and {Johnston}, D. and {Dodelson}, S. and {Frieman}, J.~A. and 
	{Connolly}, A. and {Eisenstein}, D.~J. and {Gunn}, J.~E. and 
	{Hui}, L. and {Jain}, B. and {Kent}, S. and {Loveday}, J. and 
	{Narayanan}, V. and {Nichol}, R.~C. and {O'Connell}, L. and 
	{Scoccimarro}, R. and {Sheth}, R.~K. and {Stebbins}, A. and 
	{Strauss}, M.~A. and {Szalay}, A.~S. and {Szapudi}, I. and {Tegmark}, M. and 
	{Vogeley}, M. and {Zehavi}, I. and {Annis}, J. and {Bahcall}, N.~A. and 
	{Brinkman}, J. and {Csabai}, I. and {Hindsley}, R. and {Ivezic}, Z. and 
	{Kim}, R.~S.~J. and {Knapp}, G.~R. and {Lamb}, D.~Q. and {Lee}, B.~C. and 
	{Lupton}, R.~H. and {McKay}, T. and {Munn}, J. and {Peoples}, J. and 
	{Pier}, J. and {Richards}, G.~T. and {Rockosi}, C. and {Schlegel}, D. and 
	{Schneider}, D.~P. and {Stoughton}, C. and {Tucker}, D.~L. and 
	{Yanny}, B. and {York}, D.~G.},
    title = "{Analysis of Systematic Effects and Statistical Uncertainties in Angular Clustering of Galaxies from Early Sloan Digital Sky Survey Data}",
  journal = {\apj},
   eprint = {astro-ph/0107416},
 keywords = {Cosmology: Observations, Cosmology: Large-Scale Structure of Universe},
     year = 2002,
    month = nov,
   volume = 579,
    pages = {48-75},
      doi = {10.1086/342786},
   adsurl = {http://adsabs.harvard.edu/abs/2002ApJ...579...48S},
  adsnote = {Provided by the SAO/NASA Astrophysics Data System}
}

@ARTICLE{Smith2003,
   author = {{Smith}, R.~E. and {Peacock}, J.~A. and {Jenkins}, A. and {White}, S.~D.~M. and 
	{Frenk}, C.~S. and {Pearce}, F.~R. and {Thomas}, P.~A. and {Efstathiou}, G. and 
	{Couchman}, H.~M.~P.},
    title = "{Stable clustering, the halo model and non-linear cosmological power spectra}",
  journal = {\mnras},
   eprint = {astro-ph/0207664},
 keywords = {methods: N-body simulations, cosmology: theory, large-scale structure of Universe},
     year = 2003,
    month = jun,
   volume = 341,
    pages = {1311-1332},
      doi = {10.1046/j.1365-8711.2003.06503.x},
   adsurl = {http://adsabs.harvard.edu/abs/2003MNRAS.341.1311S},
  adsnote = {Provided by the SAO/NASA Astrophysics Data System}
}

@INPROCEEDINGS{Croom2004,
   author = {{Croom}, S. and {Boyle}, B. and {Shanks}, T. and {Outram}, P. and 
	{Myers}, A. and {Smith}, R. and {Miller}, L. and {Lopes}, A. and 
	{Loaring}, N. and {Hoyle}, F.},
    title = "{The 2DF QSO Redshift Survey}",
booktitle = {Multiwavelength AGN Surveys},
     year = 2004,
   editor = {{M{\'u}jica}, R. and {Maiolino}, R.},
    month = oct,
    pages = {57-62},
      doi = {10.1142/9789812702432_0015},
   adsurl = {http://adsabs.harvard.edu/abs/2004mas..conf...57C},
  adsnote = {Provided by the SAO/NASA Astrophysics Data System}
}

@ARTICLE{Lacy2004,
   author = {{Lacy}, M. and {Storrie-Lombardi}, L.~J. and {Sajina}, A. and 
	{Appleton}, P.~N. and {Armus}, L. and {Chapman}, S.~C. and {Choi}, P.~I. and 
	{Fadda}, D. and {Fang}, F. and {Frayer}, D.~T. and {Heinrichsen}, I. and 
	{Helou}, G. and {Im}, M. and {Marleau}, F.~R. and {Masci}, F. and 
	{Shupe}, D.~L. and {Soifer}, B.~T. and {Surace}, J. and {Teplitz}, H.~I. and 
	{Wilson}, G. and {Yan}, L.},
    title = "{Obscured and Unobscured Active Galactic Nuclei in the Spitzer Space Telescope First Look Survey}",
  journal = {\apjs},
   eprint = {astro-ph/0405604},
 keywords = {Galaxies: Seyfert, Infrared: Galaxies, Galaxies: Quasars: General},
     year = 2004,
    month = sep,
   volume = 154,
    pages = {166-169},
      doi = {10.1086/422816},
   adsurl = {http://adsabs.harvard.edu/abs/2004ApJS..154..166L},
  adsnote = {Provided by the SAO/NASA Astrophysics Data System}
}

@ARTICLE{Martini2004,
   author = {{Martini}, P.},
    title = "{QSO Lifetimes}",
  journal = {Coevolution of Black Holes and Galaxies},
   eprint = {astro-ph/0304009},
     year = 2004,
    pages = {169},
   adsurl = {http://adsabs.harvard.edu/abs/2004cbhg.symp..169M},
  adsnote = {Provided by the SAO/NASA Astrophysics Data System}
}

@ARTICLE{Porciani2004,
   author = {{Porciani}, C. and {Magliocchetti}, M. and {Norberg}, P.},
    title = "{Cosmic evolution of quasar clustering: implications for the host haloes}",
  journal = {\mnras},
   eprint = {astro-ph/0406036},
 keywords = {galaxies: active, galaxies: clusters: general, quasars: general, cosmology: observations, cosmology: theory, large-scale structure of Universe},
     year = 2004,
    month = dec,
   volume = 355,
    pages = {1010-1030},
      doi = {10.1111/j.1365-2966.2004.08408.x},
   adsurl = {http://adsabs.harvard.edu/abs/2004MNRAS.355.1010P},
  adsnote = {Provided by the SAO/NASA Astrophysics Data System}
}

@ARTICLE{Richards2004,
   author = {{Richards}, G.~T. and {Nichol}, R.~C. and {Gray}, A.~G. and 
	{Brunner}, R.~J. and {Lupton}, R.~H. and {Vanden Berk}, D.~E. and 
	{Chong}, S.~S. and {Weinstein}, M.~A. and {Schneider}, D.~P. and 
	{Anderson}, S.~F. and {Munn}, J.~A. and {Harris}, H.~C. and 
	{Strauss}, M.~A. and {Fan}, X. and {Gunn}, J.~E. and {Ivezi{\'c}}, {\v Z}. and 
	{York}, D.~G. and {Brinkmann}, J. and {Moore}, A.~W.},
    title = "{Efficient Photometric Selection of Quasars from the Sloan Digital Sky Survey: 100,000 z $\lt$ 3 Quasars from Data Release One}",
  journal = {\apjs},
   eprint = {astro-ph/0408505},
 keywords = {Catalogs, Galaxies: Quasars: General},
     year = 2004,
    month = dec,
   volume = 155,
    pages = {257-269},
      doi = {10.1086/425356},
   adsurl = {http://adsabs.harvard.edu/abs/2004ApJS..155..257R},
  adsnote = {Provided by the SAO/NASA Astrophysics Data System}
}


@ARTICLE{Weinstein2004,
   author = {{Weinstein}, M.~A. and {Richards}, G.~T. and {Schneider}, D.~P. and 
	{Younger}, J.~D. and {Strauss}, M.~A. and {Hall}, P.~B. and 
	{Budav{\'a}ri}, T. and {Gunn}, J.~E. and {York}, D.~G. and {Brinkmann}, J.
	},
    title = "{An Empirical Algorithm for Broadband Photometric Redshifts of Quasars from the Sloan Digital Sky Survey}",
  journal = {\apjs},
   eprint = {astro-ph/0408504},
 keywords = {Galaxies: Distances and Redshifts, Galaxies: Photometry, Methods: Statistical, Galaxies: Quasars: General},
     year = 2004,
    month = dec,
   volume = 155,
    pages = {243-256},
      doi = {10.1086/425355},
   adsurl = {http://adsabs.harvard.edu/abs/2004ApJS..155..243W},
  adsnote = {Provided by the SAO/NASA Astrophysics Data System}
}



@ARTICLE{Croom2005,
   author = {{Croom}, S.~M. and {Boyle}, B.~J. and {Shanks}, T. and {Smith}, R.~J. and 
	{Miller}, L. and {Outram}, P.~J. and {Loaring}, N.~S. and {Hoyle}, F. and 
	{da {\^A}ngela}, J.},
    title = "{The 2dF QSO Redshift Survey - XIV. Structure and evolution from the two-point correlation function}",
  journal = {\mnras},
   eprint = {astro-ph/0409314},
 keywords = {galaxies: clusters: general, quasars: general, cosmology: observations, large-scale structure of Universe},
     year = 2005,
    month = jan,
   volume = 356,
    pages = {415-438},
      doi = {10.1111/j.1365-2966.2004.08379.x},
   adsurl = {http://adsabs.harvard.edu/abs/2005MNRAS.356..415C},
  adsnote = {Provided by the SAO/NASA Astrophysics Data System}
}

@ARTICLE{Fabricant2005,
   author = {{Fabricant}, D. and {Fata}, R. and {Roll}, J. and {Hertz}, E. and 
	{Caldwell}, N. and {Gauron}, T. and {Geary}, J. and {McLeod}, B. and 
	{Szentgyorgyi}, A. and {Zajac}, J. and {Kurtz}, M. and {Barberis}, J. and 
	{Bergner}, H. and {Brown}, W. and {Conroy}, M. and {Eng}, R. and 
	{Geller}, M. and {Goddard}, R. and {Honsa}, M. and {Mueller}, M. and 
	{Mink}, D. and {Ordway}, M. and {Tokarz}, S. and {Woods}, D. and 
	{Wyatt}, W. and {Epps}, H. and {Dell'Antonio}, I.},
    title = "{Hectospec, the MMT's 300 Optical Fiber-Fed Spectrograph}",
  journal = {\pasp},
   eprint = {astro-ph/0508554},
 keywords = {Instrumentation: Spectrographs, Techniques: Spectroscopic, Methods: Data Analysis},
     year = 2005,
    month = dec,
   volume = 117,
    pages = {1411-1434},
      doi = {10.1086/497385},
   adsurl = {http://adsabs.harvard.edu/abs/2005PASP..117.1411F},
  adsnote = {Provided by the SAO/NASA Astrophysics Data System}
}

@ARTICLE{Stern2005,
   author = {{Stern}, D. and {Eisenhardt}, P. and {Gorjian}, V. and {Kochanek}, C.~S. and 
	{Caldwell}, N. and {Eisenstein}, D. and {Brodwin}, M. and {Brown}, M.~J.~I. and 
	{Cool}, R. and {Dey}, A. and {Green}, P. and {Jannuzi}, B.~T. and 
	{Murray}, S.~S. and {Pahre}, M.~A. and {Willner}, S.~P.},
    title = "{Mid-Infrared Selection of Active Galaxies}",
  journal = {\apj},
   eprint = {astro-ph/0410523},
 keywords = {Cosmology: Observations, Galaxies: Formation},
     year = 2005,
    month = sep,
   volume = 631,
    pages = {163-168},
      doi = {10.1086/432523},
   adsurl = {http://adsabs.harvard.edu/abs/2005ApJ...631..163S},
  adsnote = {Provided by the SAO/NASA Astrophysics Data System}
}

@Article{Gardner2006,
author="Gardner, Jonathan P.
and Mather, John C.
and Clampin, Mark
and Doyon, Rene
and Greenhouse, Matthew A.
and Hammel, Heidi B.
and Hutchings, John B.
and Jakobsen, Peter
and Lilly, Simon J.
and Long, Knox S.
and Lunine, Jonathan I.
and Mccaughrean, Mark J.
and Mountain, Matt
and Nella, John
and Rieke, George H.
and Rieke, Marcia J.
and Rix, Hans-Walter
and Smith, Eric P.
and Sonneborn, George
and Stiavelli, Massimo
and Stockman, H. S.
and Windhorst, Rogier A.
and Wright, Gillian S.",
title="The James Webb Space Telescope",
journal="Space Science Reviews",
year="2006",
month="Apr",
day="01",
volume="123",
number="4",
pages="485--606",
abstract="The James Webb Space Telescope (JWST) is a large (6.6 m), cold (<50 K), infrared (IR)-optimized space observatory that will be launched early in the next decade into orbit around the second Earth--Sun Lagrange point. The observatory will have four instruments: a near-IR camera, a near-IR multiobject spectrograph, and a tunable filter imager will cover the wavelength range, 0.6 < ; < 5.0 $\mu$ m, while the mid-IR instrument will do both imaging and spectroscopy from 5.0 < ; < 29  $\mu$ m.",
issn="1572-9672",
doi="10.1007/s11214-006-8315-7",
url="http://dx.doi.org/10.1007/s11214-006-8315-7"
}




@ARTICLE{Myers2006,
   author = {{Myers}, A.~D. and {Brunner}, R.~J. and {Richards}, G.~T. and 
	{Nichol}, R.~C. and {Schneider}, D.~P. and {Vanden Berk}, D.~E. and 
	{Scranton}, R. and {Gray}, A.~G. and {Brinkmann}, J.},
    title = "{First Measurement of the Clustering Evolution of Photometrically Classified Quasars}",
  journal = {\apj},
   eprint = {astro-ph/0510371},
 keywords = {Cosmology: Observations, Cosmology: Large-Scale Structure of Universe, Galaxies: Quasars: General, Surveys},
     year = 2006,
    month = feb,
   volume = 638,
    pages = {622-634},
      doi = {10.1086/499093},
   adsurl = {http://adsabs.harvard.edu/abs/2006ApJ...638..622M},
  adsnote = {Provided by the SAO/NASA Astrophysics Data System}
}

@ARTICLE{Richards2006,
   author = {{Richards}, G.~T. and {Strauss}, M.~A. and {Fan}, X. and {Hall}, P.~B. and 
	{Jester}, S. and {Schneider}, D.~P. and {Vanden Berk}, D.~E. and 
	{Stoughton}, C. and {Anderson}, S.~F. and {Brunner}, R.~J. and 
	{Gray}, J. and {Gunn}, J.~E. and {Ivezi{\'c}}, {\v Z}. and {Kirkland}, M.~K. and 
	{Knapp}, G.~R. and {Loveday}, J. and {Meiksin}, A. and {Pope}, A. and 
	{Szalay}, A.~S. and {Thakar}, A.~R. and {Yanny}, B. and {York}, D.~G. and 
	{Barentine}, J.~C. and {Brewington}, H.~J. and {Brinkmann}, J. and 
	{Fukugita}, M. and {Harvanek}, M. and {Kent}, S.~M. and {Kleinman}, S.~J. and 
	{Krzesi{\'n}ski}, J. and {Long}, D.~C. and {Lupton}, R.~H. and 
	{Nash}, T. and {Neilsen}, Jr., E.~H. and {Nitta}, A. and {Schlegel}, D.~J. and 
	{Snedden}, S.~A.},
    title = "{The Sloan Digital Sky Survey Quasar Survey: Quasar Luminosity Function from Data Release 3}",
  journal = {\aj},
   eprint = {astro-ph/0601434},
 keywords = {Cosmology: Observations, Galaxies: Active, Galaxies: Luminosity Function, Mass Function, Galaxies: Quasars: General, Surveys},
     year = 2006,
    month = jun,
   volume = 131,
    pages = {2766-2787},
      doi = {10.1086/503559},
   adsurl = {http://adsabs.harvard.edu/abs/2006AJ....131.2766R},
  adsnote = {Provided by the SAO/NASA Astrophysics Data System}
}

@ARTICLE{Hickox2007,
   author = {{Hickox}, R.~C. and {Jones}, C. and {Forman}, W.~R. and {Murray}, S.~S. and 
	{Brodwin}, M. and {Brown}, M.~J.~I. and {Eisenhardt}, P.~R. and 
	{Stern}, D. and {Kochanek}, C.~S. and {Eisenstein}, D. and {Cool}, R.~J. and 
	{Jannuzi}, B.~T. and {Dey}, A. and {Brand}, K. and {Gorjian}, V. and 
	{Caldwell}, N.},
    title = "{A Large Population of Mid-Infrared-selected, Obscured Active Galaxies in the Bo{\"o}tes Field}",
  journal = {\apj},
archivePrefix = "arXiv",
   eprint = {0708.3678},
 keywords = {Galaxies: Active, Infrared: Galaxies, Galaxies: Quasars: General, Surveys, X-Rays: Galaxies},
     year = 2007,
    month = dec,
   volume = 671,
    pages = {1365-1387},
      doi = {10.1086/523082},
   adsurl = {http://adsabs.harvard.edu/abs/2007ApJ...671.1365H},
  adsnote = {Provided by the SAO/NASA Astrophysics Data System}
}

@ARTICLE{Hopkins2007,
   author = {{Hopkins}, P.~F. and {Lidz}, A. and {Hernquist}, L. and {Coil}, A.~L. and 
	{Myers}, A.~D. and {Cox}, T.~J. and {Spergel}, D.~N.},
    title = "{The Co-Formation of Spheroids and Quasars Traced in their Clustering}",
  journal = {\apj},
   eprint = {astro-ph/0611792},
 keywords = {Cosmology: Theory, Galaxies: Active, Galaxies: Evolution, Galaxies: Quasars: General},
     year = 2007,
    month = jun,
   volume = 662,
    pages = {110-130},
      doi = {10.1086/517512},
   adsurl = {http://adsabs.harvard.edu/abs/2007ApJ...662..110H},
  adsnote = {Provided by the SAO/NASA Astrophysics Data System}
}


@ARTICLE{Myers2007,
   author = {{Myers}, A.~D. and {Brunner}, R.~J. and {Nichol}, R.~C. and 
	{Richards}, G.~T. and {Schneider}, D.~P. and {Bahcall}, N.~A.
	},
    title = "{Clustering Analyses of 300,000 Photometrically Classified Quasars. I. Luminosity and Redshift Evolution in Quasar Bias}",
  journal = {\apj},
   eprint = {astro-ph/0612190},
 keywords = {Cosmology: Observations, Cosmology: Large-Scale Structure of Universe, Galaxies: Quasars: General, Surveys},
     year = 2007,
    month = mar,
   volume = 658,
    pages = {85-98},
      doi = {10.1086/511519},
   adsurl = {http://adsabs.harvard.edu/abs/2007ApJ...658...85M},
  adsnote = {Provided by the SAO/NASA Astrophysics Data System}
}

@ARTICLE{Shen2007,
   author = {{Shen}, Y. and {Strauss}, M.~A. and {Oguri}, M. and {Hennawi}, J.~F. and 
	{Fan}, X. and {Richards}, G.~T. and {Hall}, P.~B. and {Gunn}, J.~E. and 
	{Schneider}, D.~P. and {Szalay}, A.~S. and {Thakar}, A.~R. and 
	{Vanden Berk}, D.~E. and {Anderson}, S.~F. and {Bahcall}, N.~A. and 
	{Connolly}, A.~J. and {Knapp}, G.~R.},
    title = "{Clustering of High-Redshift (z $\gt$= 2.9) Quasars from the Sloan Digital Sky Survey}",
  journal = {\aj},
   eprint = {astro-ph/0702214},
 keywords = {cosmology: observations, large-scale structure of universe, quasars: general, surveys},
     year = 2007,
    month = may,
   volume = 133,
    pages = {2222-2241},
      doi = {10.1086/513517},
   adsurl = {http://adsabs.harvard.edu/abs/2007AJ....133.2222S},
  adsnote = {Provided by the SAO/NASA Astrophysics Data System}
}


@ARTICLE{Simon2007,
   author = {{Simon}, P.},
    title = "{How accurate is Limber's equation?}",
  journal = {\aap},
   eprint = {astro-ph/0609165},
     year = 2007,
    month = oct,
   volume = 473,
    pages = {711-714},
      doi = {10.1051/0004-6361:20066352},
   adsurl = {http://adsabs.harvard.edu/abs/2007A%26A...473..711S},
  adsnote = {Provided by the SAO/NASA Astrophysics Data System}
}

@ARTICLE{Bell2008,
   author = {{Bell}, E.~F.},
    title = "{Galaxy Bulges and their Black Holes: a Requirement for the Quenching of Star Formation}",
  journal = {\apj},
archivePrefix = "arXiv",
   eprint = {0804.4001},
 keywords = {galaxies: bulges, galaxies: evolution, galaxies: general, galaxies: spiral, galaxies: stellar content},
     year = 2008,
    month = jul,
   volume = 682,
      eid = {355-360},
    pages = {355-360},
      doi = {10.1086/589551},
   adsurl = {http://adsabs.harvard.edu/abs/2008ApJ...682..355B},
  adsnote = {Provided by the SAO/NASA Astrophysics Data System}
}

@PHDTHESIS{Brewer2008,
   author = {{Brewer}, J.},
    title = "{Galaxy angular clustering evolution in the SDSS co-add imaging data}",
 keywords = {Angular clustering, Galaxy clusters, Photometric redshift, Galaxy evolution},
   school = {University of Pittsburgh},
     year = 2008,
   adsurl = {http://adsabs.harvard.edu/abs/2008PhDT........33B},
  adsnote = {Provided by the SAO/NASA Astrophysics Data System}
}

@ARTICLE{daAngela2008,
   author = {{da {\^A}ngela}, J. and {Shanks}, T. and {Croom}, S.~M. and 
	{Weilbacher}, P. and {Brunner}, R.~J. and {Couch}, W.~J. and 
	{Miller}, L. and {Myers}, A.~D. and {Nichol}, R.~C. and {Pimbblet}, K.~A. and 
	{de Propris}, R. and {Richards}, G.~T. and {Ross}, N.~P. and 
	{Schneider}, D.~P. and {Wake}, D.},
    title = "{The 2dF-SDSS LRG and QSO survey: QSO clustering and the L-z degeneracy}",
  journal = {\mnras},
   eprint = {astro-ph/0612401},
 keywords = {surveys , quasars: general , cosmology: observations , large-scale structure of Universe},
     year = 2008,
    month = jan,
   volume = 383,
    pages = {565-580},
      doi = {10.1111/j.1365-2966.2007.12552.x},
   adsurl = {http://adsabs.harvard.edu/abs/2008MNRAS.383..565D},
  adsnote = {Provided by the SAO/NASA Astrophysics Data System}
}

@INPROCEEDINGS{Hill2008,
   author = {{Hill}, G.~J. and {MacQueen}, P.~J. and {Palunas}, P. and {Barnes}, S.~I. and 
	{Shetrone}, M.~D.},
    title = "{Present and future instrumentation for the Hobby-Eberly Telescope}",
booktitle = {Ground-based and Airborne Instrumentation for Astronomy II},
     year = 2008,
   series = {\procspie},
   volume = 7014,
    month = jul,
      eid = {701406},
    pages = {701406},
      doi = {10.1117/12.788225},
   adsurl = {http://adsabs.harvard.edu/abs/2008SPIE.7014E..06H},
  adsnote = {Provided by the SAO/NASA Astrophysics Data System}
}


@ARTICLE{Swanson2008,
   author = {{Swanson}, M.~E.~C. and {Tegmark}, M. and {Hamilton}, A.~J.~S. and 
	{Hill}, J.~C.},
    title = "{Methods for rapidly processing angular masks of next-generation galaxy surveys}",
  journal = {\mnras},
archivePrefix = "arXiv",
   eprint = {0711.4352},
 keywords = {methods: data analysis , surveys , large-scale structure of Universe},
     year = 2008,
    month = jul,
   volume = 387,
    pages = {1391-1402},
      doi = {10.1111/j.1365-2966.2008.13296.x},
   adsurl = {http://adsabs.harvard.edu/abs/2008MNRAS.387.1391S},
  adsnote = {Provided by the SAO/NASA Astrophysics Data System}
}

@ARTICLE{Abell2009, 
author = {{LSST Science Collaboration} and {Abell}, P.~A. and {Allison}, J. and {Anderson}, S.~F. and {Andrew}, J.~R. and {Angel}, J.~R.~P. and {Armus}, L. and {Arnett}, D. and {Asztalos}, S.~J. and {Axelrod}, T.~S. and et al.}, title = "{LSST Science Book, Version 2.0}", journal = {ArXiv e-prints}, archivePrefix = "arXiv", eprint = {0912.0201}, primaryClass = "astro-ph.IM", keywords = {Astrophysics - Instrumentation and Methods for Astrophysics, Astrophysics - Cosmology and Extragalactic Astrophysics, Astrophysics - Earth and Planetary Astrophysics, Astrophysics - Galaxy Astrophysics, Astrophysics - Solar and Stellar Astrophysics}, year = 2009, month = dec, adsurl = {http://adsabs.harvard.edu/abs/2009arXiv0912.0201L}, adsnote = {Provided by the SAO/NASA Astrophysics Data System} }

@ARTICLE{Hickox2009,
   author = {{Hickox}, R.~C. and {Jones}, C. and {Forman}, W.~R. and {Murray}, S.~S. and 
	{Kochanek}, C.~S. and {Eisenstein}, D. and {Jannuzi}, B.~T. and 
	{Dey}, A. and {Brown}, M.~J.~I. and {Stern}, D. and {Eisenhardt}, P.~R. and 
	{Gorjian}, V. and {Brodwin}, M. and {Narayan}, R. and {Cool}, R.~J. and 
	{Kenter}, A. and {Caldwell}, N. and {Anderson}, M.~E.},
    title = "{Host Galaxies, Clustering, Eddington Ratios, and Evolution of Radio, X-Ray, and Infrared-Selected AGNs}",
  journal = {\apj},
archivePrefix = "arXiv",
   eprint = {0901.4121},
 primaryClass = "astro-ph.GA",
 keywords = {galaxies: active, large-scale structure of universe, quasars: general, radio continuum: galaxies, surveys, X-rays: galaxies},
     year = 2009,
    month = may,
   volume = 696,
    pages = {891-919},
      doi = {10.1088/0004-637X/696/1/891},
   adsurl = {http://adsabs.harvard.edu/abs/2009ApJ...696..891H},
  adsnote = {Provided by the SAO/NASA Astrophysics Data System}
}

@ARTICLE{Richards2009,
   author = {{Richards}, G.~T. and {Deo}, R.~P. and {Lacy}, M. and {Myers}, A.~D. and 
	{Nichol}, R.~C. and {Zakamska}, N.~L. and {Brunner}, R.~J. and 
	{Brandt}, W.~N. and {Gray}, A.~G. and {Parejko}, J.~K. and {Ptak}, A. and 
	{Schneider}, D.~P. and {Storrie-Lombardi}, L.~J. and {Szalay}, A.~S.
	},
    title = "{Eight-Dimensional Mid-Infrared/Optical Bayesian Quasar Selection}",
  journal = {\aj},
archivePrefix = "arXiv",
   eprint = {0810.3567},
 keywords = {catalogs, infrared: galaxies, methods: statistical, quasars: general},
     year = 2009,
    month = apr,
   volume = 137,
    pages = {3884-3899},
      doi = {10.1088/0004-6256/137/4/3884},
   adsurl = {http://adsabs.harvard.edu/abs/2009AJ....137.3884R},
  adsnote = {Provided by the SAO/NASA Astrophysics Data System}
}


@ARTICLE{Ross2009,
   author = {{Ross}, N.~P. and {Shen}, Y. and {Strauss}, M.~A. and {Vanden Berk}, D.~E. and 
	{Connolly}, A.~J. and {Richards}, G.~T. and {Schneider}, D.~P. and 
	{Weinberg}, D.~H. and {Hall}, P.~B. and {Bahcall}, N.~A. and 
	{Brunner}, R.~J.},
    title = "{Clustering of Low-redshift (z $\lt$= 2.2) Quasars from the Sloan Digital Sky Survey}",
  journal = {\apj},
archivePrefix = "arXiv",
   eprint = {0903.3230},
 keywords = {cosmology: observations, large-scale structure of universe, quasars: general, surveys},
     year = 2009,
    month = jun,
   volume = 697,
    pages = {1634-1655},
      doi = {10.1088/0004-637X/697/2/1634},
   adsurl = {http://adsabs.harvard.edu/abs/2009ApJ...697.1634R},
  adsnote = {Provided by the SAO/NASA Astrophysics Data System}
}

@ARTICLE{Sheen2009,
   author = {{Sheen}, Y.-K. and {Jeong}, H. and {Yi}, S.~K. and {Ferreras}, I. and 
	{Lotz}, J.~M. and {Olsen}, K.~A.~G. and {Dickinson}, M. and 
	{Barnes}, S. and {Park}, J.-H. and {Ree}, C.~H. and {Madore}, B.~F. and 
	{Barlow}, T.~A. and {Conrow}, T. and {Foster}, K. and {Friendman}, P.~G. and 
	{Lee}, Y.-W. and {Martin}, D.~C. and {Morrissey}, P. and {Neff}, S.~G. and 
	{Schiminovich}, D. and {Seibert}, M. and {Small}, T. and {Wyder}, T.~K.
	},
    title = "{Tidal Dwarf Galaxies Around a Post-merger Galaxy, NGC 4922}",
  journal = {\aj},
archivePrefix = "arXiv",
   eprint = {0910.2351},
 keywords = {galaxies: dwarf, galaxies: individual: NGC 4922, galaxies: interactions, galaxies: starburst, ultraviolet: galaxies},
     year = 2009,
    month = dec,
   volume = 138,
    pages = {1911-1916},
      doi = {10.1088/0004-6256/138/6/1911},
   adsurl = {http://adsabs.harvard.edu/abs/2009AJ....138.1911S},
  adsnote = {Provided by the SAO/NASA Astrophysics Data System}
}

@ARTICLE{Shen2009,
   author = {{Shen}, Y. and {Strauss}, M.~A. and {Ross}, N.~P. and {Hall}, P.~B. and 
	{Lin}, Y.-T. and {Richards}, G.~T. and {Schneider}, D.~P. and 
	{Weinberg}, D.~H. and {Connolly}, A.~J. and {Fan}, X. and {Hennawi}, J.~F. and 
	{Shankar}, F. and {Vanden Berk}, D.~E. and {Bahcall}, N.~A. and 
	{Brunner}, R.~J.},
    title = "{Quasar Clustering from SDSS DR5: Dependences on Physical Properties}",
  journal = {\apj},
archivePrefix = "arXiv",
   eprint = {0810.4144},
 keywords = {black hole physics, cosmology: observations, galaxies: active, large-scale structure of universe, quasars: general, surveys},
     year = 2009,
    month = jun,
   volume = 697,
    pages = {1656-1673},
      doi = {10.1088/0004-637X/697/2/1656},
   adsurl = {http://adsabs.harvard.edu/abs/2009ApJ...697.1656S},
  adsnote = {Provided by the SAO/NASA Astrophysics Data System}
}

@ARTICLE{Assef2010,
   author = {{Assef}, R.~J. and {Kochanek}, C.~S. and {Brodwin}, M. and {Cool}, R. and 
	{Forman}, W. and {Gonzalez}, A.~H. and {Hickox}, R.~C. and {Jones}, C. and 
	{Le Floc'h}, E. and {Moustakas}, J. and {Murray}, S.~S. and 
	{Stern}, D.},
    title = "{Low-Resolution Spectral Templates for Active Galactic Nuclei and Galaxies from 0.03 to 30 {$\mu$}m}",
  journal = {\apj},
archivePrefix = "arXiv",
   eprint = {0909.3849},
 primaryClass = "astro-ph.CO",
 keywords = {galaxies: active, galaxies: distances and redshifts, galaxies: photometry, quasars: general},
     year = 2010,
    month = apr,
   volume = 713,
    pages = {970-985},
      doi = {10.1088/0004-637X/713/2/970},
   adsurl = {http://adsabs.harvard.edu/abs/2010ApJ...713..970A},
  adsnote = {Provided by the SAO/NASA Astrophysics Data System}
}

@ARTICLE{Tinker2010,
   author = {{Tinker}, J.~L. and {Robertson}, B.~E. and {Kravtsov}, A.~V. and 
	{Klypin}, A. and {Warren}, M.~S. and {Yepes}, G. and {Gottl{\"o}ber}, S.
	},
    title = "{The Large-scale Bias of Dark Matter Halos: Numerical Calibration and Model Tests}",
  journal = {\apj},
archivePrefix = "arXiv",
   eprint = {1001.3162},
 keywords = {cosmology: theory, large-scale structure of universe, methods: numerical},
     year = 2010,
    month = dec,
   volume = 724,
    pages = {878-886},
      doi = {10.1088/0004-637X/724/2/878},
   adsurl = {http://adsabs.harvard.edu/abs/2010ApJ...724..878T},
  adsnote = {Provided by the SAO/NASA Astrophysics Data System}
}

@ARTICLE{Wright2010,
   author = {{Wright}, E.~L. and {Eisenhardt}, P.~R.~M. and {Mainzer}, A.~K. and 
	{Ressler}, M.~E. and {Cutri}, R.~M. and {Jarrett}, T. and {Kirkpatrick}, J.~D. and 
	{Padgett}, D. and {McMillan}, R.~S. and {Skrutskie}, M. and 
	{Stanford}, S.~A. and {Cohen}, M. and {Walker}, R.~G. and {Mather}, J.~C. and 
	{Leisawitz}, D. and {Gautier}, III, T.~N. and {McLean}, I. and 
	{Benford}, D. and {Lonsdale}, C.~J. and {Blain}, A. and {Mendez}, B. and 
	{Irace}, W.~R. and {Duval}, V. and {Liu}, F. and {Royer}, D. and 
	{Heinrichsen}, I. and {Howard}, J. and {Shannon}, M. and {Kendall}, M. and 
	{Walsh}, A.~L. and {Larsen}, M. and {Cardon}, J.~G. and {Schick}, S. and 
	{Schwalm}, M. and {Abid}, M. and {Fabinsky}, B. and {Naes}, L. and 
	{Tsai}, C.-W.},
    title = "{The Wide-field Infrared Survey Explorer (WISE): Mission Description and Initial On-orbit Performance}",
  journal = {\aj},
archivePrefix = "arXiv",
   eprint = {1008.0031},
 primaryClass = "astro-ph.IM",
 keywords = {infrared: general, space vehicles, surveys},
     year = 2010,
    month = dec,
   volume = 140,
      eid = {1868-1881},
    pages = {1868-1881},
      doi = {10.1088/0004-6256/140/6/1868},
   adsurl = {http://adsabs.harvard.edu/abs/2010AJ....140.1868W},
  adsnote = {Provided by the SAO/NASA Astrophysics Data System}
}


@INPROCEEDINGS{Bovy2011,
   author = {{Bovy}, J. and {Hennawi}, J.~F. and {Hogg}, D.~W. and {Myers}, A.~D. and 
	{Ross}, N.~P.},
    title = "{The SDSS-XDQSO quasar targeting catalog}",
booktitle = {American Astronomical Society Meeting Abstracts \#217},
     year = 2011,
   series = {Bulletin of the American Astronomical Society},
   volume = 43,
    month = jan,
      eid = {222.05},
    pages = {222.05},
   adsurl = {http://adsabs.harvard.edu/abs/2011AAS...21722205B},
  adsnote = {Provided by the SAO/NASA Astrophysics Data System}
}

@ARTICLE{Eisenstein2011,
   author = {{Eisenstein}, D.~J. and {Weinberg}, D.~H. and {Agol}, E. and 
	{Aihara}, H. and {Allende Prieto}, C. and {Anderson}, S.~F. and 
	{Arns}, J.~A. and {Aubourg}, {\'E}. and {Bailey}, S. and {Balbinot}, E. and et al.},
    title = "{SDSS-III: Massive Spectroscopic Surveys of the Distant Universe, the Milky Way, and Extra-Solar Planetary Systems}",
  journal = {\aj},
archivePrefix = "arXiv",
   eprint = {1101.1529},
 primaryClass = "astro-ph.IM",
 keywords = {cosmology: observations, Galaxy: evolution, planets and satellites: detection, surveys},
     year = 2011,
    month = sep,
   volume = 142,
      eid = {72},
    pages = {72},
      doi = {10.1088/0004-6256/142/3/72},
   adsurl = {http://adsabs.harvard.edu/abs/2011AJ....142...72E},
  adsnote = {Provided by the SAO/NASA Astrophysics Data System}
}

@ARTICLE{Hickox2011,
   author = {{Hickox}, R.~C. and {Myers}, A.~D. and {Brodwin}, M. and {Alexander}, D.~M. and 
	{Forman}, W.~R. and {Jones}, C. and {Murray}, S.~S. and {Brown}, M.~J.~I. and 
	{Cool}, R.~J. and {Kochanek}, C.~S. and {Dey}, A. and {Jannuzi}, B.~T. and 
	{Eisenstein}, D. and {Assef}, R.~J. and {Eisenhardt}, P.~R. and 
	{Gorjian}, V. and {Stern}, D. and {Le Floc'h}, E. and {Caldwell}, N. and 
	{Goulding}, A.~D. and {Mullaney}, J.~R.},
    title = "{Clustering of Obscured and Unobscured Quasars in the Bo{\"o}tes Field: Placing Rapidly Growing Black Holes in the Cosmic Web}",
  journal = {\apj},
archivePrefix = "arXiv",
   eprint = {1102.4850},
 keywords = {galaxies: active, large-scale structure of universe, quasars: general, surveys},
     year = 2011,
    month = apr,
   volume = 731,
      eid = {117},
    pages = {117},
      doi = {10.1088/0004-637X/731/2/117},
   adsurl = {http://adsabs.harvard.edu/abs/2011ApJ...731..117H},
  adsnote = {Provided by the SAO/NASA Astrophysics Data System}
}

@ARTICLE{Schlafly2011,
   author = {{Schlafly}, E.~F. and {Finkbeiner}, D.~P.},
    title = "{Measuring Reddening with Sloan Digital Sky Survey Stellar Spectra and Recalibrating SFD}",
  journal = {\apj},
archivePrefix = "arXiv",
   eprint = {1012.4804},
 primaryClass = "astro-ph.GA",
 keywords = {dust, extinction, Galaxy: stellar content, ISM: clouds},
     year = 2011,
    month = aug,
   volume = 737,
      eid = {103},
    pages = {103},
      doi = {10.1088/0004-637X/737/2/103},
   adsurl = {http://adsabs.harvard.edu/abs/2011ApJ...737..103S},
  adsnote = {Provided by the SAO/NASA Astrophysics Data System}
}

@ARTICLE{Worseck2011,
   author = {{Worseck}, G. and {Prochaska}, J.~X.},
    title = "{GALEX Far-ultraviolet Color Selection of UV-bright High-redshift Quasars}",
  journal = {\apj},
archivePrefix = "arXiv",
   eprint = {1004.3347},
 keywords = {diffuse radiation, intergalactic medium, quasars: absorption lines, surveys, techniques: photometric, ultraviolet: galaxies},
     year = 2011,
    month = feb,
   volume = 728,
      eid = {23},
    pages = {23},
      doi = {10.1088/0004-637X/728/1/23},
   adsurl = {http://adsabs.harvard.edu/abs/2011ApJ...728...23W},
  adsnote = {Provided by the SAO/NASA Astrophysics Data System}
}

@ARTICLE{Zehavi2011,
   author = {{Zehavi}, I. and {Zheng}, Z. and {Weinberg}, D.~H. and {Blanton}, M.~R. and 
	{Bahcall}, N.~A. and {Berlind}, A.~A. and {Brinkmann}, J. and 
	{Frieman}, J.~A. and {Gunn}, J.~E. and {Lupton}, R.~H. and {Nichol}, R.~C. and 
	{Percival}, W.~J. and {Schneider}, D.~P. and {Skibba}, R.~A. and 
	{Strauss}, M.~A. and {Tegmark}, M. and {York}, D.~G.},
    title = "{Galaxy Clustering in the Completed SDSS Redshift Survey: The Dependence on Color and Luminosity}",
  journal = {\apj},
archivePrefix = "arXiv",
   eprint = {1005.2413},
 keywords = {cosmology: observations, cosmology: theory, galaxies: distances and redshifts, galaxies: halos, galaxies: statistics, large-scale structure of universe},
     year = 2011,
    month = jul,
   volume = 736,
      eid = {59},
    pages = {59},
      doi = {10.1088/0004-637X/736/1/59},
   adsurl = {http://adsabs.harvard.edu/abs/2011ApJ...736...59Z},
  adsnote = {Provided by the SAO/NASA Astrophysics Data System}
}


@ARTICLE{Donley2012,
   author = {{Donley}, J.~L. and {Koekemoer}, A.~M. and {Brusa}, M. and {Capak}, P. and 
	{Cardamone}, C.~N. and {Civano}, F. and {Ilbert}, O. and {Impey}, C.~D. and 
	{Kartaltepe}, J.~S. and {Miyaji}, T. and {Salvato}, M. and {Sanders}, D.~B. and 
	{Trump}, J.~R. and {Zamorani}, G.},
    title = "{Identifying Luminous Active Galactic Nuclei in Deep Surveys: Revised IRAC Selection Criteria}",
  journal = {\apj},
archivePrefix = "arXiv",
   eprint = {1201.3899},
 keywords = {galaxies: active, infrared: galaxies, X-rays: galaxies},
     year = 2012,
    month = apr,
   volume = 748,
      eid = {142},
    pages = {142},
      doi = {10.1088/0004-637X/748/2/142},
   adsurl = {http://adsabs.harvard.edu/abs/2012ApJ...748..142D},
  adsnote = {Provided by the SAO/NASA Astrophysics Data System}
}

@BOOK{Feigelson2012,
   author = {{Feigelson}, E.~D. and {Babu}, G.~J.},
    title = "{Modern Statistical Methods for Astronomy}",
booktitle = {Modern Statistical Methods for Astronomy, by Eric D.~Feigelson , G.~Jogesh Babu, Cambridge, UK: Cambridge University Press, 2012},
     year = 2012,
    month = jul,
   adsurl = {http://adsabs.harvard.edu/abs/2012msma.book.....F},
  adsnote = {Provided by the SAO/NASA Astrophysics Data System}
}

@article{Howlett2012,
      author         = "Howlett, Cullan and Lewis, Antony and Hall, Alex and
                        Challinor, Anthony",
      title          = "{CMB power spectrum parameter degeneracies in the era of
                        precision cosmology}",
      journal        = "JCAP",
      volume         = "1204",
      year           = "2012",
      pages          = "027",
      doi            = "10.1088/1475-7516/2012/04/027",
      eprint         = "1201.3654",
      archivePrefix  = "arXiv",
      primaryClass   = "astro-ph.CO",
      SLACcitation   = "%%CITATION = ARXIV:1201.3654;%%"
}

@ARTICLE{Sherwin2012,
   author = {{Sherwin}, B.~D. and {Das}, S. and {Hajian}, A. and {Addison}, G. and 
	{Bond}, J.~R. and {Crichton}, D. and {Devlin}, M.~J. and {Dunkley}, J. and 
	{Gralla}, M.~B. and {Halpern}, M. and {Hill}, J.~C. and {Hincks}, A.~D. and 
	{Hughes}, J.~P. and {Huffenberger}, K. and {Hlozek}, R. and 
	{Kosowsky}, A. and {Louis}, T. and {Marriage}, T.~A. and {Marsden}, D. and 
	{Menanteau}, F. and {Moodley}, K. and {Niemack}, M.~D. and {Page}, L.~A. and 
	{Reese}, E.~D. and {Sehgal}, N. and {Sievers}, J. and {Sif{\'o}n}, C. and 
	{Spergel}, D.~N. and {Staggs}, S.~T. and {Switzer}, E.~R. and 
	{Wollack}, E.},
    title = "{The Atacama Cosmology Telescope: Cross-correlation of cosmic microwave background lensing and quasars}",
  journal = {\prd},
archivePrefix = "arXiv",
   eprint = {1207.4543},
 primaryClass = "astro-ph.CO",
 keywords = {Gravitational lenses and luminous arcs, Background radiations},
     year = 2012,
    month = oct,
   volume = 86,
   number = 8,
      eid = {083006},
    pages = {083006},
      doi = {10.1103/PhysRevD.86.083006},
   adsurl = {http://adsabs.harvard.edu/abs/2012PhRvD..86h3006S},
  adsnote = {Provided by the SAO/NASA Astrophysics Data System}
}

@ARTICLE{White2012,
   author = {{White}, M. and {Myers}, A.~D. and {Ross}, N.~P. and {Schlegel}, D.~J. and 
	{Hennawi}, J.~F. and {Shen}, Y. and {McGreer}, I. and {Strauss}, M.~A. and 
	{Bolton}, A.~S. and {Bovy}, J. and {Fan}, X. and {Miralda-Escude}, J. and 
	{Palanque-Delabrouille}, N. and {Paris}, I. and {Petitjean}, P. and 
	{Schneider}, D.~P. and {Viel}, M. and {Weinberg}, D.~H. and 
	{Yeche}, C. and {Zehavi}, I. and {Pan}, K. and {Snedden}, S. and 
	{Bizyaev}, D. and {Brewington}, H. and {Brinkmann}, J. and {Malanushenko}, V. and 
	{Malanushenko}, E. and {Oravetz}, D. and {Simmons}, A. and {Sheldon}, A. and 
	{Weaver}, B.~A.},
    title = "{The clustering of intermediate-redshift quasars as measured by the Baryon Oscillation Spectroscopic Survey}",
  journal = {\mnras},
archivePrefix = "arXiv",
   eprint = {1203.5306},
 keywords = {quasars: general, cosmology: observations, large-scale structure of Universe},
     year = 2012,
    month = aug,
   volume = 424,
    pages = {933-950},
      doi = {10.1111/j.1365-2966.2012.21251.x},
   adsurl = {http://adsabs.harvard.edu/abs/2012MNRAS.424..933W},
  adsnote = {Provided by the SAO/NASA Astrophysics Data System}
}

@ARTICLE{Dawson2013,
   author = {{Dawson}, K.~S. and {Schlegel}, D.~J. and {Ahn}, C.~P. and {Anderson}, S.~F. and 
	{Aubourg}, {\'E}. and {Bailey}, S. and {Barkhouser}, R.~H. and 
	{Bautista}, J.~E. and {Beifiori}, A. and {Berlind}, A.~A. and 
	{Bhardwaj}, V. and {Bizyaev}, D. and {Blake}, C.~H. and {Blanton}, M.~R. and 
	{Blomqvist}, M. and {Bolton}, A.~S. and {Borde}, A. and {Bovy}, J. and 
	{Brandt}, W.~N. and {Brewington}, H. and {Brinkmann}, J. and 
	{Brown}, P.~J. and {Brownstein}, J.~R. and {Bundy}, K. and {Busca}, N.~G. and 
	{Carithers}, W. and {Carnero}, A.~R. and {Carr}, M.~A. and {Chen}, Y. and 
	{Comparat}, J. and {Connolly}, N. and {Cope}, F. and {Croft}, R.~A.~C. and 
	{Cuesta}, A.~J. and {da Costa}, L.~N. and {Davenport}, J.~R.~A. and 
	{Delubac}, T. and {de Putter}, R. and {Dhital}, S. and {Ealet}, A. and 
	{Ebelke}, G.~L. and {Eisenstein}, D.~J. and {Escoffier}, S. and 
	{Fan}, X. and {Filiz Ak}, N. and {Finley}, H. and {Font-Ribera}, A. and 
	{G{\'e}nova-Santos}, R. and {Gunn}, J.~E. and {Guo}, H. and 
	{Haggard}, D. and {Hall}, P.~B. and {Hamilton}, J.-C. and {Harris}, B. and 
	{Harris}, D.~W. and {Ho}, S. and {Hogg}, D.~W. and {Holder}, D. and 
	{Honscheid}, K. and {Huehnerhoff}, J. and {Jordan}, B. and {Jordan}, W.~P. and 
	{Kauffmann}, G. and {Kazin}, E.~A. and {Kirkby}, D. and {Klaene}, M.~A. and 
	{Kneib}, J.-P. and {Le Goff}, J.-M. and {Lee}, K.-G. and {Long}, D.~C. and 
	{Loomis}, C.~P. and {Lundgren}, B. and {Lupton}, R.~H. and {Maia}, M.~A.~G. and 
	{Makler}, M. and {Malanushenko}, E. and {Malanushenko}, V. and 
	{Mandelbaum}, R. and {Manera}, M. and {Maraston}, C. and {Margala}, D. and 
	{Masters}, K.~L. and {McBride}, C.~K. and {McDonald}, P. and 
	{McGreer}, I.~D. and {McMahon}, R.~G. and {Mena}, O. and {Miralda-Escud{\'e}}, J. and 
	{Montero-Dorta}, A.~D. and {Montesano}, F. and {Muna}, D. and 
	{Myers}, A.~D. and {Naugle}, T. and {Nichol}, R.~C. and {Noterdaeme}, P. and 
	{Nuza}, S.~E. and {Olmstead}, M.~D. and {Oravetz}, A. and {Oravetz}, D.~J. and 
	{Owen}, R. and {Padmanabhan}, N. and {Palanque-Delabrouille}, N. and 
	{Pan}, K. and {Parejko}, J.~K. and {P{\^a}ris}, I. and {Percival}, W.~J. and 
	{P{\'e}rez-Fournon}, I. and {P{\'e}rez-R{\`a}fols}, I. and {Petitjean}, P. and 
	{Pfaffenberger}, R. and {Pforr}, J. and {Pieri}, M.~M. and {Prada}, F. and 
	{Price-Whelan}, A.~M. and {Raddick}, M.~J. and {Rebolo}, R. and 
	{Rich}, J. and {Richards}, G.~T. and {Rockosi}, C.~M. and {Roe}, N.~A. and 
	{Ross}, A.~J. and {Ross}, N.~P. and {Rossi}, G. and {Rubi{\~n}o-Martin}, J.~A. and 
	{Samushia}, L. and {S{\'a}nchez}, A.~G. and {Sayres}, C. and 
	{Schmidt}, S.~J. and {Schneider}, D.~P. and {Sc{\'o}ccola}, C.~G. and 
	{Seo}, H.-J. and {Shelden}, A. and {Sheldon}, E. and {Shen}, Y. and 
	{Shu}, Y. and {Slosar}, A. and {Smee}, S.~A. and {Snedden}, S.~A. and 
	{Stauffer}, F. and {Steele}, O. and {Strauss}, M.~A. and {Streblyanska}, A. and 
	{Suzuki}, N. and {Swanson}, M.~E.~C. and {Tal}, T. and {Tanaka}, M. and 
	{Thomas}, D. and {Tinker}, J.~L. and {Tojeiro}, R. and {Tremonti}, C.~A. and 
	{Vargas Maga{\~n}a}, M. and {Verde}, L. and {Viel}, M. and {Wake}, D.~A. and 
	{Watson}, M. and {Weaver}, B.~A. and {Weinberg}, D.~H. and {Weiner}, B.~J. and 
	{West}, A.~A. and {White}, M. and {Wood-Vasey}, W.~M. and {Yeche}, C. and 
	{Zehavi}, I. and {Zhao}, G.-B. and {Zheng}, Z.},
    title = "{The Baryon Oscillation Spectroscopic Survey of SDSS-III}",
  journal = {\aj},
archivePrefix = "arXiv",
   eprint = {1208.0022},
 keywords = {cosmology: observations, surveys},
     year = 2013,
    month = jan,
   volume = 145,
      eid = {10},
    pages = {10},
      doi = {10.1088/0004-6256/145/1/10},
   adsurl = {http://adsabs.harvard.edu/abs/2013AJ....145...10D},
  adsnote = {Provided by the SAO/NASA Astrophysics Data System}
}

@ARTICLE{FontRibera2013,
   author = {{Font-Ribera}, A. and {Arnau}, E. and {Miralda-Escud{\'e}}, J. and 
	{Rollinde}, E. and {Brinkmann}, J. and {Brownstein}, J.~R. and 
	{Lee}, K.-G. and {Myers}, A.~D. and {Palanque-Delabrouille}, N. and 
	{P{\^a}ris}, I. and {Petitjean}, P. and {Rich}, J. and {Ross}, N.~P. and 
	{Schneider}, D.~P. and {White}, M.},
    title = "{The large-scale quasar-Lyman {$\alpha$} forest cross-correlation from BOSS}",
  journal = {\jcap},
archivePrefix = "arXiv",
   eprint = {1303.1937},
     year = 2013,
    month = may,
   volume = 5,
      eid = {018},
    pages = {018},
      doi = {10.1088/1475-7516/2013/05/018},
   adsurl = {http://adsabs.harvard.edu/abs/2013JCAP...05..018F},
  adsnote = {Provided by the SAO/NASA Astrophysics Data System}
}

@ARTICLE{Geach2013,
   author = {{Geach}, J.~E. and {Hickox}, R.~C. and {Bleem}, L.~E. and {Brodwin}, M. and 
	{Holder}, G.~P. and {Aird}, K.~A. and {Benson}, B.~A. and {Bhattacharya}, S. and 
	{Carlstrom}, J.~E. and {Chang}, C.~L. and {Cho}, H.-M. and {Crawford}, T.~M. and 
	{Crites}, A.~T. and {de Haan}, T. and {Dobbs}, M.~A. and {Dudley}, J. and 
	{George}, E.~M. and {Hainline}, K.~N. and {Halverson}, N.~W. and 
	{Holzapfel}, W.~L. and {Hoover}, S. and {Hou}, Z. and {Hrubes}, J.~D. and 
	{Keisler}, R. and {Knox}, L. and {Lee}, A.~T. and {Leitch}, E.~M. and 
	{Lueker}, M. and {Luong-Van}, D. and {Marrone}, D.~P. and {McMahon}, J.~J. and 
	{Mehl}, J. and {Meyer}, S.~S. and {Millea}, M. and {Mohr}, J.~J. and 
	{Montroy}, T.~E. and {Myers}, A.~D. and {Padin}, S. and {Plagge}, T. and 
	{Pryke}, C. and {Reichardt}, C.~L. and {Ruhl}, J.~E. and {Sayre}, J.~T. and 
	{Schaffer}, K.~K. and {Shaw}, L. and {Shirokoff}, E. and {Spieler}, H.~G. and 
	{Staniszewski}, Z. and {Stark}, A.~A. and {Story}, K.~T. and 
	{van Engelen}, A. and {Vanderlinde}, K. and {Vieira}, J.~D. and 
	{Williamson}, R. and {Zahn}, O.},
    title = "{A Direct Measurement of the Linear Bias of Mid-infrared-selected Quasars at z {\ap} 1 Using Cosmic Microwave Background Lensing}",
  journal = {\apjl},
archivePrefix = "arXiv",
   eprint = {1307.1706},
 keywords = {cosmology: observations },
     year = 2013,
    month = oct,
   volume = 776,
      eid = {L41},
    pages = {L41},
      doi = {10.1088/2041-8205/776/2/L41},
   adsurl = {http://adsabs.harvard.edu/abs/2013ApJ...776L..41G},
  adsnote = {Provided by the SAO/NASA Astrophysics Data System}
}

@ARTICLE{Shen2013,
   author = {{Shen}, Y. and {McBride}, C.~K. and {White}, M. and {Zheng}, Z. and 
	{Myers}, A.~D. and {Guo}, H. and {Kirkpatrick}, J.~A. and {Padmanabhan}, N. and 
	{Parejko}, J.~K. and {Ross}, N.~P. and {Schlegel}, D.~J. and 
	{Schneider}, D.~P. and {Streblyanska}, A. and {Swanson}, M.~E.~C. and 
	{Zehavi}, I. and {Pan}, K. and {Bizyaev}, D. and {Brewington}, H. and 
	{Ebelke}, G. and {Malanushenko}, V. and {Malanushenko}, E. and 
	{Oravetz}, D. and {Simmons}, A. and {Snedden}, S.},
    title = "{Cross-correlation of SDSS DR7 Quasars and DR10 BOSS Galaxies: The Weak Luminosity Dependence of Quasar Clustering at z \~{} 0.5}",
  journal = {\apj},
archivePrefix = "arXiv",
   eprint = {1212.4526},
 keywords = {black hole physics, cosmology: observations, galaxies: active, large-scale structure of universe, quasars: general, surveys},
     year = 2013,
    month = dec,
   volume = 778,
      eid = {98},
    pages = {98},
      doi = {10.1088/0004-637X/778/2/98},
   adsurl = {http://adsabs.harvard.edu/abs/2013ApJ...778...98S},
  adsnote = {Provided by the SAO/NASA Astrophysics Data System}
}

@ARTICLE{Spergel2013,
   author = {{Spergel}, D. and {Gehrels}, N. and {Breckinridge}, J. and {Donahue}, M. and 
	{Dressler}, A. and {Gaudi}, B.~S. and {Greene}, T. and {Guyon}, O. and 
	{Hirata}, C. and {Kalirai}, J. and {Kasdin}, N.~J. and {Moos}, W. and 
	{Perlmutter}, S. and {Postman}, M. and {Rauscher}, B. and {Rhodes}, J. and 
	{Wang}, Y. and {Weinberg}, D. and {Centrella}, J. and {Traub}, W. and 
	{Baltay}, C. and {Colbert}, J. and {Bennett}, D. and {Kiessling}, A. and 
	{Macintosh}, B. and {Merten}, J. and {Mortonson}, M. and {Penny}, M. and 
	{Rozo}, E. and {Savransky}, D. and {Stapelfeldt}, K. and {Zu}, Y. and 
	{Baker}, C. and {Cheng}, E. and {Content}, D. and {Dooley}, J. and 
	{Foote}, M. and {Goullioud}, R. and {Grady}, K. and {Jackson}, C. and 
	{Kruk}, J. and {Levine}, M. and {Melton}, M. and {Peddie}, C. and 
	{Ruffa}, J. and {Shaklan}, S.},
    title = "{Wide-Field InfraRed Survey Telescope-Astrophysics Focused Telescope Assets WFIRST-AFTA Final Report}",
  journal = {ArXiv e-prints},
archivePrefix = "arXiv",
   eprint = {1305.5422},
 primaryClass = "astro-ph.IM",
 keywords = {Astrophysics - Instrumentation and Methods for Astrophysics},
     year = 2013,
    month = may,
   adsurl = {http://adsabs.harvard.edu/abs/2013arXiv1305.5422S},
  adsnote = {Provided by the SAO/NASA Astrophysics Data System}
}




@ARTICLE{Annis2014,
   author = {{Annis}, J. and {Soares-Santos}, M. and {Strauss}, M.~A. and 
	{Becker}, A.~C. and {Dodelson}, S. and {Fan}, X. and {Gunn}, J.~E. and 
	{Hao}, J. and {Ivezi{\'c}}, {\v Z}. and {Jester}, S. and {Jiang}, L. and 
	{Johnston}, D.~E. and {Kubo}, J.~M. and {Lampeitl}, H. and {Lin}, H. and 
	{Lupton}, R.~H. and {Miknaitis}, G. and {Seo}, H.-J. and {Simet}, M. and 
	{Yanny}, B.},
    title = "{The Sloan Digital Sky Survey Coadd: 275 deg$^{2}$ of Deep Sloan Digital Sky Survey Imaging on Stripe 82}",
  journal = {\apj},
archivePrefix = "arXiv",
   eprint = {1111.6619},
 keywords = {atlases, catalogs, surveys},
     year = 2014,
    month = oct,
   volume = 794,
      eid = {120},
    pages = {120},
      doi = {10.1088/0004-637X/794/2/120},
   adsurl = {http://adsabs.harvard.edu/abs/2014ApJ...794..120A},
  adsnote = {Provided by the SAO/NASA Astrophysics Data System}
}



@ARTICLE{Donoso2014,
   author = {{Donoso}, E. and {Yan}, L. and {Stern}, D. and {Assef}, R.~J.
	},
    title = "{The Angular Clustering of WISE-selected Active Galactic Nuclei: Different Halos for Obscured and Unobscured Active Galactic Nuclei}",
  journal = {\apj},
archivePrefix = "arXiv",
   eprint = {1309.2277},
 keywords = {galaxies: active, infrared: galaxies, surveys},
     year = 2014,
    month = jul,
   volume = 789,
      eid = {44},
    pages = {44},
      doi = {10.1088/0004-637X/789/1/44},
   adsurl = {http://adsabs.harvard.edu/abs/2014ApJ...789...44D},
  adsnote = {Provided by the SAO/NASA Astrophysics Data System}
}

@ARTICLE{DiPompeo2014,
   author = {{DiPompeo}, M.~A. and {Myers}, A.~D. and {Hickox}, R.~C. and 
	{Geach}, J.~E. and {Hainline}, K.~N.},
    title = "{The angular clustering of infrared-selected obscured and unobscured quasars}",
  journal = {\mnras},
archivePrefix = "arXiv",
   eprint = {1406.0778},
 keywords = {galaxies: active, galaxies: evolution, quasars: general},
     year = 2014,
    month = aug,
   volume = 442,
    pages = {3443-3453},
      doi = {10.1093/mnras/stu1115},
   adsurl = {http://adsabs.harvard.edu/abs/2014MNRAS.442.3443D},
  adsnote = {Provided by the SAO/NASA Astrophysics Data System}
}

@BOOK{Ivezic2014,
   author = {{Ivezi{\'c}}, {\v Z}. and {Connelly}, A.~J. and {VanderPlas}, J.~T. and 
	{Gray}, A.},
    title = "{Statistics, Data Mining, and Machine Learningin Astronomy}",
booktitle = {Statistics, Data Mining, and Machine Learningin Astronomy, by Z.~Ivenci{\'c} et al.~Princeton, NJ: Princeton University Press, 2014},
     year = 2014,
   adsurl = {http://adsabs.harvard.edu/abs/2014sdmm.book.....I},
  adsnote = {Provided by the SAO/NASA Astrophysics Data System}
}


@ARTICLE{Jiang2014,
   author = {{Jiang}, L. and {Fan}, X. and {Bian}, F. and {McGreer}, I.~D. and 
	{Strauss}, M.~A. and {Annis}, J. and {Buck}, Z. and {Green}, R. and 
	{Hodge}, J.~A. and {Myers}, A.~D. and {Rafiee}, A. and {Richards}, G.
	},
    title = "{The Sloan Digital Sky Survey Stripe 82 Imaging Data: Depth-optimized Co-adds over 300 deg$^{2}$ in Five Filters}",
  journal = {\apjs},
archivePrefix = "arXiv",
   eprint = {1405.7382},
 keywords = {atlases, catalogs, surveys},
     year = 2014,
    month = jul,
   volume = 213,
      eid = {12},
    pages = {12},
      doi = {10.1088/0067-0049/213/1/12},
   adsurl = {http://adsabs.harvard.edu/abs/2014ApJS..213...12J},
  adsnote = {Provided by the SAO/NASA Astrophysics Data System}
}

@ARTICLE{Paris2014,
   author = {{P{\^a}ris}, I. and {Petitjean}, P. and {Aubourg}, {\'E}. and 
	{Ross}, N.~P. and {Myers}, A.~D. and {Streblyanska}, A. and 
	{Bailey}, S. and {Hall}, P.~B. and {Strauss}, M.~A. and {Anderson}, S.~F. and 
	{Bizyaev}, D. and {Borde}, A. and {Brinkmann}, J. and {Bovy}, J. and 
	{Brandt}, W.~N. and {Brewington}, H. and {Brownstein}, J.~R. and 
	{Cook}, B.~A. and {Ebelke}, G. and {Fan}, X. and {Filiz Ak}, N. and 
	{Finley}, H. and {Font-Ribera}, A. and {Ge}, J. and {Hamann}, F. and 
	{Ho}, S. and {Jiang}, L. and {Kinemuchi}, K. and {Malanushenko}, E. and 
	{Malanushenko}, V. and {Marchante}, M. and {McGreer}, I.~D. and 
	{McMahon}, R.~G. and {Miralda-Escud{\'e}}, J. and {Muna}, D. and 
	{Noterdaeme}, P. and {Oravetz}, D. and {Palanque-Delabrouille}, N. and 
	{Pan}, K. and {Perez-Fournon}, I. and {Pieri}, M. and {Riffel}, R. and 
	{Schlegel}, D.~J. and {Schneider}, D.~P. and {Simmons}, A. and 
	{Viel}, M. and {Weaver}, B.~A. and {Wood-Vasey}, W.~M. and {Y{\`e}che}, C. and 
	{York}, D.~G.},
    title = "{The Sloan Digital Sky Survey quasar catalog: tenth data release}",
  journal = {\aap},
archivePrefix = "arXiv",
   eprint = {1311.4870},
 keywords = {catalogs, surveys, quasars: general},
     year = 2014,
    month = mar,
   volume = 563,
      eid = {A54},
    pages = {A54},
      doi = {10.1051/0004-6361/201322691},
   adsurl = {http://adsabs.harvard.edu/abs/2014A%26A...563A..54P},
  adsnote = {Provided by the SAO/NASA Astrophysics Data System}
}

@ARTICLE{DiPompeo2015,
   author = {{DiPompeo}, M.~A. and {Myers}, A.~D. and {Hickox}, R.~C. and 
	{Geach}, J.~E. and {Holder}, G. and {Hainline}, K.~N. and {Hall}, S.~W.
	},
    title = "{Weighing obscured and unobscured quasar hosts with the cosmic microwave background}",
  journal = {\mnras},
archivePrefix = "arXiv",
   eprint = {1411.0527},
 keywords = {galaxies: active, galaxies: evolution, galaxies: haloes, quasars: general},
     year = 2015,
    month = feb,
   volume = 446,
    pages = {3492-3501},
      doi = {10.1093/mnras/stu2341},
   adsurl = {http://adsabs.harvard.edu/abs/2015MNRAS.446.3492D},
  adsnote = {Provided by the SAO/NASA Astrophysics Data System}
}

@ARTICLE{Eft2015,
   author = {{Eftekharzadeh}, S. and {Myers}, A.~D. and {White}, M. and {Weinberg}, D.~H. and 
	{Schneider}, D.~P. and {Shen}, Y. and {Font-Ribera}, A. and 
	{Ross}, N.~P. and {Paris}, I. and {Streblyanska}, A.},
    title = "{Clustering of intermediate redshift quasars using the final SDSS III-BOSS sample}",
  journal = {\mnras},
archivePrefix = "arXiv",
   eprint = {1507.08380},
 keywords = {galaxies: quasars: general, cosmology: observations, dark matter, large-scale structure of Universe},
     year = 2015,
    month = nov,
   volume = 453,
    pages = {2779-2798},
      doi = {10.1093/mnras/stv1763},
   adsurl = {http://adsabs.harvard.edu/abs/2015MNRAS.453.2779E},
  adsnote = {Provided by the SAO/NASA Astrophysics Data System}
}

@ARTICLE{Krolewski2015,
   author = {{Krolewski}, A.~G. and {Eisenstein}, D.~J.},
    title = "{Measuring the Luminosity and Virial Black Hole Mass Dependence of Quasar-Galaxy Clustering At z {\tilde} 0.8}",
  journal = {\apj},
archivePrefix = "arXiv",
   eprint = {1501.03898},
 keywords = {galaxies: active, large-scale structure of universe, quasars: general},
     year = 2015,
    month = apr,
   volume = 803,
      eid = {4},
    pages = {4},
      doi = {10.1088/0004-637X/803/1/4},
   adsurl = {http://adsabs.harvard.edu/abs/2015ApJ...803....4K},
  adsnote = {Provided by the SAO/NASA Astrophysics Data System}
}

@ARTICLE{Myers2015,
   author = {{Myers}, A.~D. and {Palanque-Delabrouille}, N. and {Prakash}, A. and 
	{P{\^a}ris}, I. and {Yeche}, C. and {Dawson}, K.~S. and {Bovy}, J. and 
	{Lang}, D. and {Schlegel}, D.~J. and {Newman}, J.~A. and {Petitjean}, P. and 
	{Kneib}, J.-P. and {Laurent}, P. and {Percival}, W.~J. and {Ross}, A.~J. and 
	{Seo}, H.-J. and {Tinker}, J.~L. and {Armengaud}, E. and {Brownstein}, J. and 
	{Burtin}, E. and {Cai}, Z. and {Comparat}, J. and {Kasliwal}, M. and 
	{Kulkarni}, S.~R. and {Laher}, R. and {Levitan}, D. and {McBride}, C.~K. and 
	{McGreer}, I.~D. and {Miller}, A.~A. and {Nugent}, P. and {Ofek}, E. and 
	{Rossi}, G. and {Ruan}, J. and {Schneider}, D.~P. and {Sesar}, B. and 
	{Streblyanska}, A. and {Surace}, J.},
    title = "{The SDSS-IV Extended Baryon Oscillation Spectroscopic Survey: Quasar Target Selection}",
  journal = {\apjs},
archivePrefix = "arXiv",
   eprint = {1508.04472},
 keywords = {catalogs, cosmology: observations, galaxies: distances and redshifts, galaxies: photometry, methods: data analysis, quasars: general},
     year = 2015,
    month = dec,
   volume = 221,
      eid = {27},
    pages = {27},
      doi = {10.1088/0067-0049/221/2/27},
   adsurl = {http://adsabs.harvard.edu/abs/2015ApJS..221...27M},
  adsnote = {Provided by the SAO/NASA Astrophysics Data System}
}

@ARTICLE{Richards2015,
   author = {{Richards}, G.~T. and {Myers}, A.~D. and {Peters}, C.~M. and 
	{Krawczyk}, C.~M. and {Chase}, G. and {Ross}, N.~P. and {Fan}, X. and 
	{Jiang}, L. and {Lacy}, M. and {McGreer}, I.~D. and {Trump}, J.~R. and 
	{Riegel}, R.~N.},
    title = "{Bayesian High-redshift Quasar Classification from Optical and Mid-IR Photometry}",
  journal = {\apjs},
archivePrefix = "arXiv",
   eprint = {1507.07788},
 keywords = {catalogs, infrared: galaxies, methods: statistical, quasars: general},
     year = 2015,
    month = aug,
   volume = 219,
      eid = {39},
    pages = {39},
      doi = {10.1088/0067-0049/219/2/39},
   adsurl = {http://adsabs.harvard.edu/abs/2015ApJS..219...39R},
  adsnote = {Provided by the SAO/NASA Astrophysics Data System}
}


@ARTICLE{Alam2016,
   author = {{Alam}, S. and {Ata}, M. and {Bailey}, S. and {Beutler}, F. and 
	{Bizyaev}, D. and {Blazek}, J.~A. and {Bolton}, A.~S. and {Brownstein}, J.~R. and 
	{Burden}, A. and {Chuang}, C.-H. and {Comparat}, J. and {Cuesta}, A.~J. and 
	{Dawson}, K.~S. and {Eisenstein}, D.~J. and {Escoffier}, S. and 
	{Gil-Mar{\'{\i}}n}, H. and {Grieb}, J.~N. and {Hand}, N. and 
	{Ho}, S. and {Kinemuchi}, K. and {Kirkby}, D. and {Kitaura}, F. and 
	{Malanushenko}, E. and {Malanushenko}, V. and {Maraston}, C. and 
	{McBride}, C.~K. and {Nichol}, R.~C. and {Olmstead}, M.~D. and 
	{Oravetz}, D. and {Padmanabhan}, N. and {Palanque-Delabrouille}, N. and 
	{Pan}, K. and {Pellejero-Ibanez}, M. and {Percival}, W.~J. and 
	{Petitjean}, P. and {Prada}, F. and {Price-Whelan}, A.~M. and 
	{Reid}, B.~A. and {Rodr{\'{\i}}guez-Torres}, S.~A. and {Roe}, N.~A. and 
	{Ross}, A.~J. and {Ross}, N.~P. and {Rossi}, G. and {Rubi{\~n}o-Mart{\'{\i}}n}, J.~A. and 
	{S{\'a}nchez}, A.~G. and {Saito}, S. and {Salazar-Albornoz}, S. and 
	{Samushia}, L. and {Satpathy}, S. and {Sc{\'o}ccola}, C.~G. and 
	{Schlegel}, D.~J. and {Schneider}, D.~P. and {Seo}, H.-J. and 
	{Simmons}, A. and {Slosar}, A. and {Strauss}, M.~A. and {Swanson}, M.~E.~C. and 
	{Thomas}, D. and {Tinker}, J.~L. and {Tojeiro}, R. and {Vargas Maga{\~n}a}, M. and 
	{Vazquez}, J.~A. and {Verde}, L. and {Wake}, D.~A. and {Wang}, Y. and 
	{Weinberg}, D.~H. and {White}, M. and {Wood-Vasey}, W.~M. and 
	{Y{\`e}che}, C. and {Zehavi}, I. and {Zhai}, Z. and {Zhao}, G.-B.
	},
    title = "{The clustering of galaxies in the completed SDSS-III Baryon Oscillation Spectroscopic Survey: cosmological analysis of the DR12 galaxy sample}",
  journal = {ArXiv e-prints},
archivePrefix = "arXiv",
   eprint = {1607.03155},
 keywords = {Astrophysics - Cosmology and Nongalactic Astrophysics},
     year = 2016,
    month = jul,
   adsurl = {http://adsabs.harvard.edu/abs/2016arXiv160703155A},
  adsnote = {Provided by the SAO/NASA Astrophysics Data System}
}


@ARTICLE{Chehade2016,
   author = {{Chehade}, B. and {Shanks}, T. and {Findlay}, J. and {Metcalfe}, N. and 
	{Sawangwit}, U. and {Irwin}, M. and {Gonz{\'a}lez-Solares}, E. and 
	{Fine}, S. and {Drinkwater}, M.~J. and {Croom}, S. and {Jurek}, R.~J. and 
	{Parkinson}, D. and {Bielby}, R.},
    title = "{The 2QDES Pilot: the luminosity and redshift dependence of quasar clustering}",
  journal = {\mnras},
archivePrefix = "arXiv",
   eprint = {1603.04849},
 keywords = {catalogues, surveys, galaxies: active, quasars: general, galaxies: Seyfert},
     year = 2016,
    month = jun,
   volume = 459,
    pages = {1179-1200},
      doi = {10.1093/mnras/stw616},
   adsurl = {http://adsabs.harvard.edu/abs/2016MNRAS.459.1179C},
  adsnote = {Provided by the SAO/NASA Astrophysics Data System}
}

@ARTICLE{Dawson2016,
   author = {{Dawson}, K.~S. and {Kneib}, J.-P. and {Percival}, W.~J. and 
	{Alam}, S. and {Albareti}, F.~D. and {Anderson}, S.~F. and {Armengaud}, E. and 
	{Aubourg}, {\'E}. and {Bailey}, S. and {Bautista}, J.~E. and 
	{Berlind}, A.~A. and {Bershady}, M.~A. and {Beutler}, F. and 
	{Bizyaev}, D. and {Blanton}, M.~R. and {Blomqvist}, M. and {Bolton}, A.~S. and 
	{Bovy}, J. and {Brandt}, W.~N. and {Brinkmann}, J. and {Brownstein}, J.~R. and 
	{Burtin}, E. and {Busca}, N.~G. and {Cai}, Z. and {Chuang}, C.-H. and 
	{Clerc}, N. and {Comparat}, J. and {Cope}, F. and {Croft}, R.~A.~C. and 
	{Cruz-Gonzalez}, I. and {da Costa}, L.~N. and {Cousinou}, M.-C. and 
	{Darling}, J. and {de la Macorra}, A. and {de la Torre}, S. and 
	{Delubac}, T. and {du Mas des Bourboux}, H. and {Dwelly}, T. and 
	{Ealet}, A. and {Eisenstein}, D.~J. and {Eracleous}, M. and 
	{Escoffier}, S. and {Fan}, X. and {Finoguenov}, A. and {Font-Ribera}, A. and 
	{Frinchaboy}, P. and {Gaulme}, P. and {Georgakakis}, A. and 
	{Green}, P. and {Guo}, H. and {Guy}, J. and {Ho}, S. and {Holder}, D. and 
	{Huehnerhoff}, J. and {Hutchinson}, T. and {Jing}, Y. and {Jullo}, E. and 
	{Kamble}, V. and {Kinemuchi}, K. and {Kirkby}, D. and {Kitaura}, F.-S. and 
	{Klaene}, M.~A. and {Laher}, R.~R. and {Lang}, D. and {Laurent}, P. and 
	{Le Goff}, J.-M. and {Li}, C. and {Liang}, Y. and {Lima}, M. and 
	{Lin}, Q. and {Lin}, W. and {Lin}, Y.-T. and {Long}, D.~C. and 
	{Lundgren}, B. and {MacDonald}, N. and {Geimba Maia}, M.~A. and 
	{Malanushenko}, E. and {Malanushenko}, V. and {Mariappan}, V. and 
	{McBride}, C.~K. and {McGreer}, I.~D. and {M{\'e}nard}, B. and 
	{Merloni}, A. and {Meza}, A. and {Montero-Dorta}, A.~D. and 
	{Muna}, D. and {Myers}, A.~D. and {Nandra}, K. and {Naugle}, T. and 
	{Newman}, J.~A. and {Noterdaeme}, P. and {Nugent}, P. and {Ogando}, R. and 
	{Olmstead}, M.~D. and {Oravetz}, A. and {Oravetz}, D.~J. and 
	{Padmanabhan}, N. and {Palanque-Delabrouille}, N. and {Pan}, K. and 
	{Parejko}, J.~K. and {P{\^a}ris}, I. and {Peacock}, J.~A. and 
	{Petitjean}, P. and {Pieri}, M.~M. and {Pisani}, A. and {Prada}, F. and 
	{Prakash}, A. and {Raichoor}, A. and {Reid}, B. and {Rich}, J. and 
	{Ridl}, J. and {Rodriguez-Torres}, S. and {Carnero Rosell}, A. and 
	{Ross}, A.~J. and {Rossi}, G. and {Ruan}, J. and {Salvato}, M. and 
	{Sayres}, C. and {Schneider}, D.~P. and {Schlegel}, D.~J. and 
	{Seljak}, U. and {Seo}, H.-J. and {Sesar}, B. and {Shandera}, S. and 
	{Shu}, Y. and {Slosar}, A. and {Sobreira}, F. and {Streblyanska}, A. and 
	{Suzuki}, N. and {Taylor}, D. and {Tao}, C. and {Tinker}, J.~L. and 
	{Tojeiro}, R. and {Vargas-Maga{\~n}a}, M. and {Wang}, Y. and 
	{Weaver}, B.~A. and {Weinberg}, D.~H. and {White}, M. and {Wood-Vasey}, W.~M. and 
	{Yeche}, C. and {Zhai}, Z. and {Zhao}, C. and {Zhao}, G.-b. and 
	{Zheng}, Z. and {Ben Zhu}, G. and {Zou}, H.},
    title = "{The SDSS-IV Extended Baryon Oscillation Spectroscopic Survey: Overview and Early Data}",
  journal = {\aj},
archivePrefix = "arXiv",
   eprint = {1508.04473},
 keywords = {cosmology: observations, surveys},
     year = 2016,
    month = feb,
   volume = 151,
      eid = {44},
    pages = {44},
      doi = {10.3847/0004-6256/151/2/44},
   adsurl = {http://adsabs.harvard.edu/abs/2016AJ....151...44D},
  adsnote = {Provided by the SAO/NASA Astrophysics Data System}
}

@ARTICLE{DiPompeo2016,
   author = {{DiPompeo}, M.~A. and {Hickox}, R.~C. and {Myers}, A.~D.},
    title = "{Updated measurements of the dark matter halo masses of obscured quasars with improved WISE and Planck data}",
  journal = {\mnras},
archivePrefix = "arXiv",
   eprint = {1511.04469},
 keywords = {galaxies: active, galaxies: evolution, galaxies: haloes, quasars: general},
     year = 2016,
    month = feb,
   volume = 456,
    pages = {924-942},
      doi = {10.1093/mnras/stv2681},
   adsurl = {http://adsabs.harvard.edu/abs/2016MNRAS.456..924D},
  adsnote = {Provided by the SAO/NASA Astrophysics Data System}
}



@ARTICLE{Mendez2016,
   author = {{Mendez}, A.~J. and {Coil}, A.~L. and {Aird}, J. and {Skibba}, R.~A. and 
	{Diamond-Stanic}, A.~M. and {Moustakas}, J. and {Blanton}, M.~R. and 
	{Cool}, R.~J. and {Eisenstein}, D.~J. and {Wong}, K.~C. and 
	{Zhu}, G.},
    title = "{PRIMUS + DEEP2: Clustering of X-Ray, Radio, and IR-AGNs at z\~{}0.7}",
  journal = {\apj},
archivePrefix = "arXiv",
   eprint = {1504.06284},
 keywords = {galaxies: active, galaxies: evolution, infrared: galaxies, radio continuum: galaxies, X-rays: galaxies},
     year = 2016,
    month = apr,
   volume = 821,
      eid = {55},
    pages = {55},
      doi = {10.3847/0004-637X/821/1/55},
   adsurl = {http://adsabs.harvard.edu/abs/2016ApJ...821...55M},
  adsnote = {Provided by the SAO/NASA Astrophysics Data System}
}

@ARTICLE{Papovich2016,
   author = {{Papovich}, C. and {Shipley}, H.~V. and {Mehrtens}, N. and {Lanham}, C. and 
	{Lacy}, M. and {Ciardullo}, R. and {Finkelstein}, S.~L. and 
	{Bassett}, R. and {Behroozi}, P. and {Blanc}, G.~A. and {de Jong}, R.~S. and 
	{DePoy}, D.~L. and {Drory}, N. and {Gawiser}, E. and {Gebhardt}, K. and 
	{Gronwall}, C. and {Hill}, G.~J. and {Hopp}, U. and {Jogee}, S. and 
	{Kawinwanichakij}, L. and {Marshall}, J.~L. and {McLinden}, E. and 
	{Mentuch Cooper}, E. and {Somerville}, R.~S. and {Steinmetz}, M. and 
	{Tran}, K.-V. and {Tuttle}, S. and {Viero}, M. and {Wechsler}, R. and 
	{Zeimann}, G.},
    title = "{The Spitzer-HETDEX Exploratory Large-area Survey}",
  journal = {\apjs},
archivePrefix = "arXiv",
   eprint = {1603.05660},
 keywords = {catalogs, galaxies: clusters: general, infrared: galaxies, surveys},
     year = 2016,
    month = jun,
   volume = 224,
      eid = {28},
    pages = {28},
      doi = {10.3847/0067-0049/224/2/28},
   adsurl = {http://adsabs.harvard.edu/abs/2016ApJS..224...28P},
  adsnote = {Provided by the SAO/NASA Astrophysics Data System}
}

@ARTICLE{Planck2016,
   author = {{Planck Collaboration} and {Ade}, P.~A.~R. and {Aghanim}, N. and 
	{Arnaud}, M. and {Ashdown}, M. and {Aumont}, J. and {Baccigalupi}, C. and 
	{Banday}, A.~J. and {Barreiro}, R.~B. and {Bartlett}, J.~G. and et al.},
    title = "{Planck 2015 results. XIII. Cosmological parameters}",
  journal = {\aap},
archivePrefix = "arXiv",
   eprint = {1502.01589},
 keywords = {cosmology: observations, cosmology: theory, cosmic background radiation, cosmological parameters},
     year = 2016,
    month = sep,
   volume = 594,
      eid = {A13},
    pages = {A13},
      doi = {10.1051/0004-6361/201525830},
   adsurl = {http://adsabs.harvard.edu/abs/2016A%26A...594A..13P},
  adsnote = {Provided by the SAO/NASA Astrophysics Data System}
}

@ARTICLE{RodriguezTorres2016,
   author = {{Rodr{\'{\i}}guez-Torres}, S.~A. and {Chuang}, C.-H. and {Prada}, F. and 
	{Guo}, H. and {Klypin}, A. and {Behroozi}, P. and {Hahn}, C.~H. and 
	{Comparat}, J. and {Yepes}, G. and {Montero-Dorta}, A.~D. and 
	{Brownstein}, J.~R. and {Maraston}, C. and {McBride}, C.~K. and 
	{Tinker}, J. and {Gottl{\"o}ber}, S. and {Favole}, G. and {Shu}, Y. and 
	{Kitaura}, F.-S. and {Bolton}, A. and {Scoccimarro}, R. and 
	{Samushia}, L. and {Schlegel}, D. and {Schneider}, D.~P. and 
	{Thomas}, D.},
    title = "{The clustering of galaxies in the SDSS-III Baryon Oscillation Spectroscopic Survey: modelling the clustering and halo occupation distribution of BOSS CMASS galaxies in the Final Data Release}",
  journal = {\mnras},
archivePrefix = "arXiv",
   eprint = {1509.06404},
 keywords = {methods: numerical, galaxies: abundances, galaxies: haloes, large-scale structure of Universe},
     year = 2016,
    month = aug,
   volume = 460,
    pages = {1173-1187},
      doi = {10.1093/mnras/stw1014},
   adsurl = {http://adsabs.harvard.edu/abs/2016MNRAS.460.1173R},
  adsnote = {Provided by the SAO/NASA Astrophysics Data System}
}

@ARTICLE{Timlin2016,
   author = {{Timlin}, J.~D. and {Ross}, N.~P. and {Richards}, G.~T. and 
	{Lacy}, M. and {Ryan}, E.~L. and {Stone}, R.~B. and {Bauer}, F.~E. and 
	{Brandt}, W.~N. and {Fan}, X. and {Glikman}, E. and {Haggard}, D. and 
	{Jiang}, L. and {LaMassa}, S.~M. and {Lin}, Y.-T. and {Makler}, M. and 
	{McGehee}, P. and {Myers}, A.~D. and {Schneider}, D.~P. and 
	{Urry}, C.~M. and {Wollack}, E.~J. and {Zakamska}, N.~L.},
    title = "{SpIES: The Spitzer IRAC Equatorial Survey}",
  journal = {\apjs},
archivePrefix = "arXiv",
   eprint = {1603.08488},
 keywords = {catalogs, infrared: general, quasars: general, surveys},
     year = 2016,
    month = jul,
   volume = 225,
      eid = {1},
    pages = {1},
      doi = {10.3847/0067-0049/225/1/1},
   adsurl = {http://adsabs.harvard.edu/abs/2016ApJS..225....1T},
  adsnote = {Provided by the SAO/NASA Astrophysics Data System}
}

@ARTICLE{Ata2017,
   author = {{Ata}, M. and {Baumgarten}, F. and {Bautista}, J. and {Beutler}, F. and 
	{Bizyaev}, D. and {Blanton}, M.~R. and {Blazek}, J.~A. and {Bolton}, A.~S. and 
	{Brinkmann}, J. and {Brownstein}, J.~R. and {Burtin}, E. and 
	{Chuang}, C.-H. and {Comparat}, J. and {Dawson}, K.~S. and {de la Macorra}, A. and 
	{Du}, W. and {du Mas des Bourboux}, H. and {Eisenstein}, D.~J. and 
	{Gil-Marin}, H. and {Grabowski}, K. and {Guy}, J. and {Hand}, N. and 
	{Ho}, S. and {Hutchinson}, T.~A. and {Ivanov}, M.~M. and {Kitaura}, F.-S. and 
	{Kneib}, J.-P. and {Laurent}, P. and {Le Goff}, J.-M. and {McEwen}, J.~E. and 
	{Mueller}, E.-M. and {Myers}, A.~D. and {Newman}, J.~A. and 
	{Palanque-Delabrouille}, N. and {Pan}, K. and {Paris}, I. and 
	{Pellejero-Ibanez}, M. and {Percival}, W.~J. and {Petitjean}, P. and 
	{Prada}, F. and {Prakash}, A. and {Rodriguez-Torres}, S.~A. and 
	{Ross}, A.~J. and {Rossi}, G. and {Ruggeri}, R. and {Sanchez}, A.~G. and 
	{Satpathy}, S. and {Schlegel}, D.~J. and {Schneider}, D.~P. and 
	{Seo}, H.-J. and {Slosar}, A. and {Streblyanska}, A. and {Tinker}, J.~L. and 
	{Tojeiro}, R. and {Vargas Magana}, M. and {Vivek}, M. and {Wang}, Y. and 
	{Yeche}, C. and {Yu}, L. and {Zarrouk}, P. and {Zhao}, C. and 
	{Zhao}, G.-B. and {Zhu}, F.},
    title = "{The clustering of the SDSS-IV extended Baryon Oscillation Spectroscopic Survey DR14 quasar sample: First measurement of Baryon Acoustic Oscillations between redshift 0.8 and 2.2}",
  journal = {ArXiv e-prints},
archivePrefix = "arXiv",
   eprint = {1705.06373},
 keywords = {Astrophysics - Cosmology and Nongalactic Astrophysics},
     year = 2017,
    month = may,
   adsurl = {http://adsabs.harvard.edu/abs/2017arXiv170506373A},
  adsnote = {Provided by the SAO/NASA Astrophysics Data System}
}



@ARTICLE{Bautista2017,
   author = {{Bautista}, J.~E. and {Busca}, N.~G. and {Guy}, J. and {Rich}, J. and 
	{Blomqvist}, M. and {du Mas des Bourboux}, H. and {Pieri}, M.~M. and 
	{Font-Ribera}, A. and {Bailey}, S. and {Delubac}, T. and {Kirkby}, D. and 
	{Le Goff}, J.-M. and {Margala}, D. and {Slosar}, A. and {Vazquez}, J.~A. and 
	{Brownstein}, J.~R. and {Dawson}, K.~S. and {Eisenstein}, D.~J. and 
	{Miralda-Escud{\'e}}, J. and {Noterdaeme}, P. and {Palanque-Delabrouille}, N. and 
	{P{\^a}ris}, I. and {Petitjean}, P. and {Ross}, N.~P. and {Schneider}, D.~P. and 
	{Weinberg}, D.~H. and {Y{\`e}che}, C.},
    title = "{Measurement of BAO correlations at $z=2.3$ with SDSS DR12 $\backslash$lya-Forests}",
  journal = {ArXiv e-prints},
archivePrefix = "arXiv",
   eprint = {1702.00176},
 keywords = {Astrophysics - Cosmology and Nongalactic Astrophysics},
     year = 2017,
    month = feb,
   adsurl = {http://adsabs.harvard.edu/abs/2017arXiv170200176B},
  adsnote = {Provided by the SAO/NASA Astrophysics Data System}
}


@ARTICLE{Bower2017,
   author = {{Bower}, R.~G. and {Schaye}, J. and {Frenk}, C.~S. and {Theuns}, T. and 
	{Schaller}, M. and {Crain}, R.~A. and {McAlpine}, S.},
    title = "{The dark nemesis of galaxy formation: why hot haloes trigger black hole growth and bring star formation to an end}",
  journal = {\mnras},
archivePrefix = "arXiv",
   eprint = {1607.07445},
     year = 2017,
    month = feb,
   volume = 465,
    pages = {32-44},
      doi = {10.1093/mnras/stw2735},
   adsurl = {http://adsabs.harvard.edu/abs/2017MNRAS.465...32B},
  adsnote = {Provided by the SAO/NASA Astrophysics Data System}
}

@ARTICLE{DiPompeo2017,
   author = {{DiPompeo}, M.~A. and {Hickox}, R.~C. and {Myers}, A.~D. and 
	{Geach}, J.~E.},
    title = "{A unifying evolutionary framework for infrared-selected obscured and unobscured quasar host haloes}",
  journal = {\mnras},
archivePrefix = "arXiv",
   eprint = {1610.03493},
 keywords = {galaxies: active, galaxies: evolution, galaxies: haloes, quasars: general, quasars: supermassive black holes},
     year = 2017,
    month = jan,
   volume = 464,
    pages = {3526-3535},
      doi = {10.1093/mnras/stw2589},
   adsurl = {http://adsabs.harvard.edu/abs/2017MNRAS.464.3526D},
  adsnote = {Provided by the SAO/NASA Astrophysics Data System}
}

@ARTICLE{He2017,
   author = {{He}, W. and {Akiyama}, M. and {Bosch}, J. and {Enoki}, M. and 
	{Harikane}, Y. and {Ikeda}, H. and {Kashikawa}, N. and {Kawaguchi}, T. and 
	{Komiyama}, Y. and {Lee}, C.-H. and {Matsuoka}, Y. and {Miyazaki}, S. and 
	{Nagao}, T. and {Nagashima}, M. and {Niida}, M. and {Nishizawa}, A.~J and 
	{Oguri}, M. and {Onoue}, M. and {Oogi}, T. and {Ouchi}, M. and 
	{Schulze}, A. and {Shirasaki}, Y. and {Silverman}, J.~D. and 
	{Tanaka}, M.~M. and {Tanaka}, M. and {Toba}, Y. and {Uchiyama}, H. and 
	{Yamashita}, T.},
    title = "{Clustering of quasars in a wide luminosity range at redshift 4 with Subaru Hyper Suprime-Cam wide field imaging}",
  journal = {ArXiv e-prints},
archivePrefix = "arXiv",
   eprint = {1704.08461},
 keywords = {Astrophysics - Astrophysics of Galaxies, Astrophysics - Cosmology and Nongalactic Astrophysics},
     year = 2017,
    month = apr,
   adsurl = {http://adsabs.harvard.edu/abs/2017arXiv170408461H},
  adsnote = {Provided by the SAO/NASA Astrophysics Data System}
}

@ARTICLE{Laurent2017,
   author = {{Laurent}, P. and {Eftekharzadeh}, S. and {Le Goff}, J.-M. and 
	{Myers}, A. and {Burtin}, E. and {White}, M. and {Ross}, A. and 
	{Tinker}, J. and {Tojeiro}, R. and {Bautista}, J. and {Comparat}, J. and 
	{du Mas des Bourboux}, H. and {Kneib}, J.-P. and {McGreer}, I.~D. and 
	{Palanque-Delabrouille}, N. and {Percival}, W.~J. and {Prada}, F. and 
	{Rossi}, G. and {Schneider}, D.~P. and {Strauss}, M. and {Weinberg}, D. and 
	{Y{\`e}che}, C. and {Zarrouk}, P. and {Zhao}, G.-B.},
    title = "{Clustering of quasars in SDSS-IV eBOSS : study of potential systematics and bias determination}",
  journal = {ArXiv e-prints},
archivePrefix = "arXiv",
   eprint = {1705.04718},
 keywords = {Astrophysics - Cosmology and Nongalactic Astrophysics},
     year = 2017,
    month = may,
   adsurl = {http://adsabs.harvard.edu/abs/2017arXiv170504718L},
  adsnote = {Provided by the SAO/NASA Astrophysics Data System}
}

@misc{TOPCAT,
   author = {Taylor, M.~B.},
   title = {TOPCAT \& STIL: Starlink Table/VOTable Processing Software},
   volume = {347},
   pages = {29},
   month = {December},
   year = {2005},
   type = {Conference Paper}
}

@article{astropy,
   author = {{Astropy Collaboration} and Robitaille, T.~P. and Tollerud, E.~J. and Greenfield, P. and Droettboom, M. and Bray, E. and Aldcroft, T. and Davis, M. and Ginsburg, A. and Price-Whelan, A.~M. and Kerzendorf, W.~E. and Conley, A. and Crighton, N. and Barbary, K. and Muna, D. and Ferguson, H. and Grollier, F. and Parikh, M.~M. and Nair, P.~H. and Unther, H.~M. and Deil, C. and Woillez, J. and Conseil, S. and Kramer, R. and Turner, J.~E.~H. and Singer, L. and Fox, R. and Weaver, B.~A. and Zabalza, V. and Edwards, Z.~I. and Azalee Bostroem, K. and Burke, D.~J. and Casey, A.~R. and Crawford, S.~M. and Dencheva, N. and Ely, J. and Jenness, T. and Labrie, K. and Lim, P.~L. and Pierfederici, F. and Pontzen, A. and Ptak, A. and Refsdal, B. and Servillat, M. and Streicher, O.},
   title = {Astropy: A community Python package for astronomy},
   journal = {\aap},
   volume = {558},
   pages = {A33},
   keywords = {methods: data analysis, methods: miscellaneous, virtual observatory tools},
   DOI = {10.1051/0004-6361/201322068},
   url = {http://dx.doi.org/10.1051/0004-6361/201322068
http://www.aanda.org/articles/aa/pdf/2013/10/aa22068-13.pdf},
   year = {2013},
   type = {Journal Article}
}




